%YAML 1.1
%TAG !u! tag:unity3d.com,2011:
--- !u!1001 &100100000
Prefab:
  m_ObjectHideFlags: 1
  serializedVersion: 2
  m_Modification:
    m_TransformParent: {fileID: 0}
    m_Modifications: []
    m_RemovedComponents: []
  m_ParentPrefab: {fileID: 0}
  m_RootGameObject: {fileID: 1554910012506224}
  m_IsPrefabParent: 1
--- !u!1 &1554910012506224
GameObject:
  m_ObjectHideFlags: 0
  m_PrefabParentObject: {fileID: 0}
  m_PrefabInternal: {fileID: 100100000}
  serializedVersion: 5
  m_Component:
  - component: {fileID: 4588983139721856}
  - component: {fileID: 114575352729451900}
  - component: {fileID: 60258920308780110}
  - component: {fileID: 114938383902108098}
  m_Layer: 0
  m_Name: DetectPlayerJoin
  m_TagString: Untagged
  m_Icon: {fileID: 0}
  m_NavMeshLayer: 0
  m_StaticEditorFlags: 0
  m_IsActive: 1
--- !u!4 &4588983139721856
Transform:
  m_ObjectHideFlags: 1
  m_PrefabParentObject: {fileID: 0}
  m_PrefabInternal: {fileID: 100100000}
  m_GameObject: {fileID: 1554910012506224}
  m_LocalRotation: {x: 0, y: 0, z: 0, w: 1}
  m_LocalPosition: {x: -0.3, y: 40.6, z: 0}
  m_LocalScale: {x: 1, y: 1, z: 1}
  m_Children: []
  m_Father: {fileID: 0}
  m_RootOrder: 0
  m_LocalEulerAnglesHint: {x: 0, y: 0, z: 0}
--- !u!60 &60258920308780110
PolygonCollider2D:
  m_ObjectHideFlags: 1
  m_PrefabParentObject: {fileID: 0}
  m_PrefabInternal: {fileID: 100100000}
  m_GameObject: {fileID: 1554910012506224}
  m_Enabled: 1
  m_Density: 1
  m_Material: {fileID: 0}
  m_IsTrigger: 0
  m_UsedByEffector: 0
  m_UsedByComposite: 0
  m_Offset: {x: 0, y: 0}
  m_SpriteTilingProperty:
    border: {x: 0, y: 0, z: 0, w: 0}
    pivot: {x: 0, y: 0}
    oldSize: {x: 0, y: 0}
    newSize: {x: 0, y: 0}
    adaptiveTilingThreshold: 0
    drawMode: 0
    adaptiveTiling: 0
  m_AutoTiling: 0
  m_Points:
    m_Paths:
    - - {x: 21.921232, y: -6.085163}
      - {x: 21.922653, y: -3.5698013}
      - {x: 21.285807, y: -1.4646187}
      - {x: 20.22137, y: 0.8097992}
      - {x: 19.150099, y: 2.1207848}
      - {x: 17.053333, y: 4.4901657}
      - {x: 16.44889, y: 4.9007072}
      - {x: 6.1569004, y: 5.394943}
      - {x: 4.461131, y: 5.944889}
      - {x: 3.4891171, y: 6.0543404}
      - {x: -0.5623531, y: 5.4876556}
      - {x: -2.4079256, y: 5.8642426}
      - {x: -4.781484, y: 5.499527}
      - {x: -8.9456, y: 5.281723}
      - {x: -10.21014, y: 5.606148}
      - {x: -19.202791, y: 5.4853554}
      - {x: -22.308903, y: 3.2773933}
      - {x: -27.67085, y: 1.3122025}
      - {x: -28.731514, y: 0.25108337}
      - {x: -29.302969, y: -1.0122261}
      - {x: -30.32279, y: -2.5037384}
      - {x: -30.959248, y: -4.1564026}
      - {x: -31.026241, y: -10.062492}
      - {x: -29.78987, y: -12.145428}
      - {x: -20.33737, y: -15.074148}
      - {x: -18.426014, y: -15.340652}
      - {x: -17.278854, y: -15.172846}
      - {x: -15.1362915, y: -15.764805}
      - {x: -13.206758, y: -16.028364}
      - {x: -8.477339, y: -16.738523}
      - {x: -6.358181, y: -17.542418}
      - {x: -3.9560068, y: -17.82935}
      - {x: -2.8347208, y: -18.47776}
      - {x: -0.36154097, y: -18.136253}
      - {x: 3.7525082, y: -18.573269}
      - {x: 8.104723, y: -18.572073}
      - {x: 10.345011, y: -17.792189}
      - {x: 16.763494, y: -16.913734}
      - {x: 20.878778, y: -13.238205}
      - {x: 21.990223, y: -9.688192}
--- !u!114 &114575352729451900
MonoBehaviour:
  m_ObjectHideFlags: 1
  m_PrefabParentObject: {fileID: 0}
  m_PrefabInternal: {fileID: 100100000}
  m_GameObject: {fileID: 1554910012506224}
  m_Enabled: 1
  m_EditorHideFlags: 0
  m_Script: {fileID: 11500000, guid: 2ccfafd1b45bb604db1dbec92fb338e2, type: 3}
  m_Name: 
  m_EditorClassIdentifier: 
--- !u!114 &114938383902108098
MonoBehaviour:
  m_ObjectHideFlags: 1
  m_PrefabParentObject: {fileID: 0}
  m_PrefabInternal: {fileID: 100100000}
  m_GameObject: {fileID: 1554910012506224}
  m_Enabled: 1
  m_EditorHideFlags: 0
  m_Script: {fileID: 11500000, guid: 23f0a8447ff440b42a7b07b00a30a94b, type: 3}
  m_Name: 
  m_EditorClassIdentifier: 
