%YAML 1.1
%TAG !u! tag:unity3d.com,2011:
--- !u!1001 &100100000
Prefab:
  m_ObjectHideFlags: 1
  serializedVersion: 2
  m_Modification:
    m_TransformParent: {fileID: 0}
    m_Modifications: []
    m_RemovedComponents: []
  m_ParentPrefab: {fileID: 0}
  m_RootGameObject: {fileID: 1644828649640692}
  m_IsPrefabParent: 1
--- !u!1 &1105911330127670
GameObject:
  m_ObjectHideFlags: 1
  m_PrefabParentObject: {fileID: 0}
  m_PrefabInternal: {fileID: 100100000}
  serializedVersion: 5
  m_Component:
  - component: {fileID: 4653840345145958}
  - component: {fileID: 60054246853468096}
  m_Layer: 10
  m_Name: BolckP1Path
  m_TagString: Untagged
  m_Icon: {fileID: 0}
  m_NavMeshLayer: 0
  m_StaticEditorFlags: 0
  m_IsActive: 1
--- !u!1 &1174999264382818
GameObject:
  m_ObjectHideFlags: 1
  m_PrefabParentObject: {fileID: 0}
  m_PrefabInternal: {fileID: 100100000}
  serializedVersion: 5
  m_Component:
  - component: {fileID: 4560522500185634}
  - component: {fileID: 60365167869594712}
  m_Layer: 10
  m_Name: BlockP3Path
  m_TagString: Untagged
  m_Icon: {fileID: 0}
  m_NavMeshLayer: 0
  m_StaticEditorFlags: 0
  m_IsActive: 1
--- !u!1 &1229150139560908
GameObject:
  m_ObjectHideFlags: 0
  m_PrefabParentObject: {fileID: 0}
  m_PrefabInternal: {fileID: 100100000}
  serializedVersion: 5
  m_Component:
  - component: {fileID: 4137510113944162}
  - component: {fileID: 60235022003314064}
  m_Layer: 10
  m_Name: WallDetection
  m_TagString: Untagged
  m_Icon: {fileID: 0}
  m_NavMeshLayer: 0
  m_StaticEditorFlags: 0
  m_IsActive: 1
--- !u!1 &1612841537578974
GameObject:
  m_ObjectHideFlags: 0
  m_PrefabParentObject: {fileID: 0}
  m_PrefabInternal: {fileID: 100100000}
  serializedVersion: 5
  m_Component:
  - component: {fileID: 4495051013924308}
  m_Layer: 10
  m_Name: EnnemyConstraints
  m_TagString: Untagged
  m_Icon: {fileID: 0}
  m_NavMeshLayer: 0
  m_StaticEditorFlags: 0
  m_IsActive: 1
--- !u!1 &1621419400225234
GameObject:
  m_ObjectHideFlags: 1
  m_PrefabParentObject: {fileID: 0}
  m_PrefabInternal: {fileID: 100100000}
  serializedVersion: 5
  m_Component:
  - component: {fileID: 4323970496064860}
  - component: {fileID: 60480157763475562}
  m_Layer: 10
  m_Name: BolckP4Path
  m_TagString: Untagged
  m_Icon: {fileID: 0}
  m_NavMeshLayer: 0
  m_StaticEditorFlags: 0
  m_IsActive: 1
--- !u!1 &1644828649640692
GameObject:
  m_ObjectHideFlags: 0
  m_PrefabParentObject: {fileID: 0}
  m_PrefabInternal: {fileID: 100100000}
  serializedVersion: 5
  m_Component:
  - component: {fileID: 4235483961682188}
  - component: {fileID: 212595956905805968}
  - component: {fileID: 60277086657132370}
  - component: {fileID: 210780149856389576}
  m_Layer: 11
  m_Name: lvl_split_layout
  m_TagString: Untagged
  m_Icon: {fileID: 0}
  m_NavMeshLayer: 0
  m_StaticEditorFlags: 0
  m_IsActive: 1
--- !u!1 &1760602596749090
GameObject:
  m_ObjectHideFlags: 1
  m_PrefabParentObject: {fileID: 0}
  m_PrefabInternal: {fileID: 100100000}
  serializedVersion: 5
  m_Component:
  - component: {fileID: 4723972081164348}
  - component: {fileID: 60243508969652384}
  m_Layer: 10
  m_Name: BolckP2Path
  m_TagString: Untagged
  m_Icon: {fileID: 0}
  m_NavMeshLayer: 0
  m_StaticEditorFlags: 0
  m_IsActive: 1
--- !u!4 &4137510113944162
Transform:
  m_ObjectHideFlags: 1
  m_PrefabParentObject: {fileID: 0}
  m_PrefabInternal: {fileID: 100100000}
  m_GameObject: {fileID: 1229150139560908}
  m_LocalRotation: {x: -0, y: -0, z: -0, w: 1}
  m_LocalPosition: {x: 0, y: 0, z: 0}
  m_LocalScale: {x: 1, y: 1, z: 0}
  m_Children: []
  m_Father: {fileID: 4235483961682188}
  m_RootOrder: 0
  m_LocalEulerAnglesHint: {x: 0, y: 0, z: 0}
--- !u!4 &4235483961682188
Transform:
  m_ObjectHideFlags: 1
  m_PrefabParentObject: {fileID: 0}
  m_PrefabInternal: {fileID: 100100000}
  m_GameObject: {fileID: 1644828649640692}
  m_LocalRotation: {x: 0, y: 0, z: 0, w: 1}
  m_LocalPosition: {x: 0, y: 0, z: 0}
  m_LocalScale: {x: 7.488452, y: 7.488452, z: 0}
  m_Children:
  - {fileID: 4137510113944162}
  - {fileID: 4495051013924308}
  m_Father: {fileID: 0}
  m_RootOrder: 0
  m_LocalEulerAnglesHint: {x: 0, y: 0, z: 0}
--- !u!4 &4323970496064860
Transform:
  m_ObjectHideFlags: 1
  m_PrefabParentObject: {fileID: 0}
  m_PrefabInternal: {fileID: 100100000}
  m_GameObject: {fileID: 1621419400225234}
  m_LocalRotation: {x: -0, y: -0, z: -0, w: 1}
  m_LocalPosition: {x: 5.51, y: 2.83, z: 0}
  m_LocalScale: {x: 0.99999964, y: 0.99999964, z: 0}
  m_Children: []
  m_Father: {fileID: 4495051013924308}
  m_RootOrder: 3
  m_LocalEulerAnglesHint: {x: 0, y: 0, z: 0}
--- !u!4 &4495051013924308
Transform:
  m_ObjectHideFlags: 1
  m_PrefabParentObject: {fileID: 0}
  m_PrefabInternal: {fileID: 100100000}
  m_GameObject: {fileID: 1612841537578974}
  m_LocalRotation: {x: -0, y: -0, z: -0, w: 1}
  m_LocalPosition: {x: 0, y: 0, z: 0}
  m_LocalScale: {x: 1, y: 1, z: 0}
  m_Children:
  - {fileID: 4653840345145958}
  - {fileID: 4723972081164348}
  - {fileID: 4560522500185634}
  - {fileID: 4323970496064860}
  m_Father: {fileID: 4235483961682188}
  m_RootOrder: 1
  m_LocalEulerAnglesHint: {x: 0, y: 0, z: 0}
--- !u!4 &4560522500185634
Transform:
  m_ObjectHideFlags: 1
  m_PrefabParentObject: {fileID: 0}
  m_PrefabInternal: {fileID: 100100000}
  m_GameObject: {fileID: 1174999264382818}
  m_LocalRotation: {x: 0, y: 0, z: 0, w: 1}
  m_LocalPosition: {x: 3.58, y: 1.97, z: 0}
  m_LocalScale: {x: 1, y: 1, z: 1}
  m_Children: []
  m_Father: {fileID: 4495051013924308}
  m_RootOrder: 2
  m_LocalEulerAnglesHint: {x: 0, y: 0, z: 0}
--- !u!4 &4653840345145958
Transform:
  m_ObjectHideFlags: 1
  m_PrefabParentObject: {fileID: 0}
  m_PrefabInternal: {fileID: 100100000}
  m_GameObject: {fileID: 1105911330127670}
  m_LocalRotation: {x: -0, y: -0, z: -0, w: 1}
  m_LocalPosition: {x: -7.715, y: -1.286, z: 0}
  m_LocalScale: {x: 0.99999964, y: 0.99999964, z: 0}
  m_Children: []
  m_Father: {fileID: 4495051013924308}
  m_RootOrder: 0
  m_LocalEulerAnglesHint: {x: 0, y: 0, z: 0}
--- !u!4 &4723972081164348
Transform:
  m_ObjectHideFlags: 1
  m_PrefabParentObject: {fileID: 0}
  m_PrefabInternal: {fileID: 100100000}
  m_GameObject: {fileID: 1760602596749090}
  m_LocalRotation: {x: -0, y: -0, z: -0, w: 1}
  m_LocalPosition: {x: 0.57, y: 1.701, z: 0}
  m_LocalScale: {x: 0.99999964, y: 0.99999964, z: 0}
  m_Children: []
  m_Father: {fileID: 4495051013924308}
  m_RootOrder: 1
  m_LocalEulerAnglesHint: {x: 0, y: 0, z: 0}
--- !u!60 &60054246853468096
PolygonCollider2D:
  m_ObjectHideFlags: 1
  m_PrefabParentObject: {fileID: 0}
  m_PrefabInternal: {fileID: 100100000}
  m_GameObject: {fileID: 1105911330127670}
  m_Enabled: 1
  m_Density: 1
  m_Material: {fileID: 0}
  m_IsTrigger: 1
  m_UsedByEffector: 0
  m_UsedByComposite: 0
  m_Offset: {x: 0, y: 0}
  m_SpriteTilingProperty:
    border: {x: 0, y: 0, z: 0, w: 0}
    pivot: {x: 0, y: 0}
    oldSize: {x: 0, y: 0}
    newSize: {x: 0, y: 0}
    adaptiveTilingThreshold: 0
    drawMode: 0
    adaptiveTiling: 0
  m_AutoTiling: 0
  m_Points:
    m_Paths:
    - - {x: -0.5427658, y: 0.79620427}
      - {x: -0.47284907, y: 0.7388948}
      - {x: -0.45758548, y: 0.65948635}
      - {x: -0.49156016, y: 0.50341916}
      - {x: -0.38478103, y: 0.4189736}
      - {x: -0.31766522, y: 0.1903059}
      - {x: -0.3062564, y: -0.060990833}
      - {x: -0.32976067, y: -0.23641428}
      - {x: 0.18474728, y: -0.23055539}
      - {x: 0.121096656, y: -0.011723523}
      - {x: 0.20507438, y: 0.16304427}
      - {x: 0.28423175, y: 0.23625585}
      - {x: 0.34310973, y: 0.30353206}
      - {x: 0.379306, y: 0.3807424}
      - {x: 0.3840305, y: 0.42813066}
      - {x: 0.37261498, y: 0.4914114}
      - {x: 0.46875113, y: 0.63621}
      - {x: 0.60113263, y: 0.7437709}
--- !u!60 &60235022003314064
PolygonCollider2D:
  m_ObjectHideFlags: 1
  m_PrefabParentObject: {fileID: 0}
  m_PrefabInternal: {fileID: 100100000}
  m_GameObject: {fileID: 1229150139560908}
  m_Enabled: 1
  m_Density: 1
  m_Material: {fileID: 0}
  m_IsTrigger: 1
  m_UsedByEffector: 0
  m_UsedByComposite: 0
  m_Offset: {x: 0, y: 0}
  m_SpriteTilingProperty:
    border: {x: 0, y: 0, z: 0, w: 0}
    pivot: {x: 0.5, y: 0.5}
    oldSize: {x: 19.05, y: 13.06}
    newSize: {x: 19.05, y: 13.06}
    adaptiveTilingThreshold: 0.5
    drawMode: 0
    adaptiveTiling: 0
  m_AutoTiling: 0
  m_Points:
    m_Paths:
    - - {x: -9.525, y: 6.5299997}
      - {x: -9.525, y: -6.5299997}
      - {x: 9.525, y: -6.5299997}
      - {x: 9.525, y: 6.5299997}
    - - {x: 6.5249996, y: -6.19}
      - {x: 6.4049997, y: -6.14}
      - {x: 6.225, y: -6.0699997}
      - {x: 6.185, y: -5.92}
      - {x: 6.085, y: -5.7599998}
      - {x: 6.125, y: -5.5}
      - {x: 6.3849998, y: -5.14}
      - {x: 6.555, y: -5.0499997}
      - {x: 6.995, y: -4.95}
      - {x: 7.325, y: -4.94}
      - {x: 7.365, y: -4.93}
      - {x: 7.4249997, y: -4.89}
      - {x: 7.4649997, y: -4.81}
      - {x: 7.455, y: -4.43}
      - {x: 8.655, y: -4.43}
      - {x: 8.684999, y: -4.4}
      - {x: 8.684999, y: -4.0499997}
      - {x: 9.085, y: -4.0499997}
      - {x: 9.115, y: -4.02}
      - {x: 9.115, y: -3.22}
      - {x: 9.085, y: -3.1899998}
      - {x: 8.264999, y: -3.1899998}
      - {x: 8.264999, y: -2.57}
      - {x: 8.655, y: -2.57}
      - {x: 8.684999, y: -2.54}
      - {x: 8.684999, y: -2.49}
      - {x: 8.655, y: -2.46}
      - {x: 7.855, y: -2.46}
      - {x: 7.855, y: -2.12}
      - {x: 7.825, y: -2.09}
      - {x: 7.7749996, y: -2.09}
      - {x: 7.745, y: -2.12}
      - {x: 7.745, y: -2.46}
      - {x: 7.045, y: -2.46}
      - {x: 7.045, y: -2.1399999}
      - {x: 7.015, y: -2.11}
      - {x: 6.2149997, y: -2.11}
      - {x: 6.2149997, y: -0.7}
      - {x: 7.825, y: -0.7}
      - {x: 7.855, y: -0.66999996}
      - {x: 7.855, y: -0.32999998}
      - {x: 8.235, y: -0.32999998}
      - {x: 8.264999, y: -0.29999998}
      - {x: 8.264999, y: 0.03}
      - {x: 8.655, y: 0.03}
      - {x: 8.684999, y: 0.06}
      - {x: 8.684999, y: 0.47}
      - {x: 8.655, y: 0.5}
      - {x: 8.264999, y: 0.5}
      - {x: 8.264999, y: 0.84}
      - {x: 8.235, y: 0.87}
      - {x: 7.855, y: 0.87}
      - {x: 7.855, y: 1.9}
      - {x: 8.235, y: 1.9}
      - {x: 8.264999, y: 1.93}
      - {x: 8.264999, y: 1.9799999}
      - {x: 8.235, y: 2.01}
      - {x: 7.855, y: 2.01}
      - {x: 7.855, y: 2.28}
      - {x: 8.235, y: 2.28}
      - {x: 8.264999, y: 2.31}
      - {x: 8.264999, y: 2.35}
      - {x: 8.235, y: 2.3799999}
      - {x: 7.7749996, y: 2.3799999}
      - {x: 7.745, y: 2.35}
      - {x: 7.745, y: 1.25}
      - {x: 6.975, y: 1.25}
      - {x: 6.9449997, y: 1.22}
      - {x: 6.9449997, y: 1.18}
      - {x: 6.975, y: 1.15}
      - {x: 7.345, y: 1.15}
      - {x: 7.345, y: 0.81}
      - {x: 7.375, y: 0.78}
      - {x: 7.4249997, y: 0.78}
      - {x: 7.455, y: 0.81}
      - {x: 7.455, y: 1.15}
      - {x: 7.745, y: 1.15}
      - {x: 7.745, y: 0.42999998}
      - {x: 7.7749996, y: 0.39999998}
      - {x: 7.825, y: 0.39999998}
      - {x: 7.855, y: 0.42999998}
      - {x: 7.855, y: 0.77}
      - {x: 8.165, y: 0.77}
      - {x: 8.165, y: 0.42999998}
      - {x: 8.195, y: 0.39999998}
      - {x: 8.585, y: 0.39999998}
      - {x: 8.585, y: 0.13}
      - {x: 7.455, y: 0.13}
      - {x: 7.455, y: 0.47}
      - {x: 7.4249997, y: 0.5}
      - {x: 7.375, y: 0.5}
      - {x: 7.345, y: 0.47}
      - {x: 7.345, y: -0.22}
      - {x: 6.975, y: -0.22}
      - {x: 6.9249997, y: -0.24}
      - {x: 6.9649997, y: -0.35}
      - {x: 7.4249997, y: -0.32999998}
      - {x: 7.455, y: -0.29999998}
      - {x: 7.455, y: 0.03}
      - {x: 8.165, y: 0.03}
      - {x: 8.165, y: -0.22}
      - {x: 7.7749996, y: -0.22}
      - {x: 7.745, y: -0.25}
      - {x: 7.745, y: -0.59999996}
      - {x: 6.6349998, y: -0.59999996}
      - {x: 6.6349998, y: 0.03}
      - {x: 7.015, y: 0.03}
      - {x: 7.045, y: 0.06}
      - {x: 7.045, y: 0.099999994}
      - {x: 7.015, y: 0.13}
      - {x: 6.6349998, y: 0.13}
      - {x: 6.6349998, y: 0.47}
      - {x: 6.605, y: 0.5}
      - {x: 6.2149997, y: 0.5}
      - {x: 6.2149997, y: 0.77}
      - {x: 6.9449997, y: 0.77}
      - {x: 6.9449997, y: 0.42999998}
      - {x: 6.975, y: 0.39999998}
      - {x: 7.015, y: 0.39999998}
      - {x: 7.045, y: 0.42999998}
      - {x: 7.045, y: 0.84}
      - {x: 7.015, y: 0.87}
      - {x: 6.6349998, y: 0.87}
      - {x: 6.6349998, y: 1.52}
      - {x: 7.4249997, y: 1.52}
      - {x: 7.455, y: 1.55}
      - {x: 7.455, y: 2.35}
      - {x: 7.4249997, y: 2.3799999}
      - {x: 7.375, y: 2.3799999}
      - {x: 7.345, y: 2.35}
      - {x: 7.345, y: 1.62}
      - {x: 6.6349998, y: 1.62}
      - {x: 6.6349998, y: 2.34}
      - {x: 6.605, y: 2.37}
      - {x: 6.565, y: 2.37}
      - {x: 6.535, y: 2.34}
      - {x: 6.535, y: 0.87}
      - {x: 6.145, y: 0.87}
      - {x: 6.115, y: 0.84}
      - {x: 6.115, y: 0.42999998}
      - {x: 6.145, y: 0.39999998}
      - {x: 6.535, y: 0.39999998}
      - {x: 6.535, y: -0.59999996}
      - {x: 6.145, y: -0.59999996}
      - {x: 6.115, y: -0.63}
      - {x: 6.115, y: -2.18}
      - {x: 6.145, y: -2.21}
      - {x: 6.9449997, y: -2.21}
      - {x: 6.9449997, y: -3.26}
      - {x: 6.975, y: -3.29}
      - {x: 7.015, y: -3.29}
      - {x: 7.045, y: -3.26}
      - {x: 7.045, y: -2.57}
      - {x: 8.165, y: -2.57}
      - {x: 8.165, y: -2.83}
      - {x: 7.375, y: -2.83}
      - {x: 7.345, y: -2.86}
      - {x: 7.345, y: -2.8999999}
      - {x: 7.375, y: -2.9299998}
      - {x: 8.165, y: -2.9299998}
      - {x: 8.165, y: -3.6299999}
      - {x: 8.195, y: -3.6599998}
      - {x: 8.6449995, y: -3.6599998}
      - {x: 8.675, y: -3.6299999}
      - {x: 8.675, y: -3.59}
      - {x: 8.6449995, y: -3.56}
      - {x: 8.264999, y: -3.56}
      - {x: 8.264999, y: -3.3}
      - {x: 9.005, y: -3.3}
      - {x: 9.005, y: -3.9499998}
      - {x: 8.615, y: -3.9499998}
      - {x: 8.585, y: -3.98}
      - {x: 8.585, y: -4.3199997}
      - {x: 7.455, y: -4.3199997}
      - {x: 7.455, y: -3.3}
      - {x: 7.745, y: -3.3}
      - {x: 7.745, y: -4.02}
      - {x: 7.7749996, y: -4.0499997}
      - {x: 8.235, y: -4.0499997}
      - {x: 8.264999, y: -4.02}
      - {x: 8.264999, y: -3.98}
      - {x: 8.235, y: -3.9499998}
      - {x: 7.855, y: -3.9499998}
      - {x: 7.855, y: -3.22}
      - {x: 7.825, y: -3.1899998}
      - {x: 7.375, y: -3.1899998}
      - {x: 7.345, y: -3.22}
      - {x: 7.345, y: -3.56}
      - {x: 6.565, y: -3.56}
      - {x: 6.535, y: -3.59}
      - {x: 6.535, y: -3.6299999}
      - {x: 6.565, y: -3.6599998}
      - {x: 6.9449997, y: -3.6599998}
      - {x: 6.9449997, y: -4.39}
      - {x: 6.975, y: -4.42}
      - {x: 7.015, y: -4.42}
      - {x: 7.045, y: -4.39}
      - {x: 7.045, y: -3.6599998}
      - {x: 7.345, y: -3.6599998}
      - {x: 7.345, y: -4.71}
      - {x: 6.6349998, y: -4.71}
      - {x: 6.6349998, y: -4.35}
      - {x: 6.605, y: -4.3199997}
      - {x: 6.565, y: -4.3199997}
      - {x: 6.535, y: -4.35}
      - {x: 6.535, y: -4.71}
      - {x: 5.785, y: -4.71}
      - {x: 5.785, y: -2.57}
      - {x: 6.535, y: -2.57}
      - {x: 6.535, y: -3.1899998}
      - {x: 6.2149997, y: -3.1899998}
      - {x: 6.2149997, y: -2.87}
      - {x: 6.185, y: -2.84}
      - {x: 6.145, y: -2.84}
      - {x: 6.115, y: -2.87}
      - {x: 6.115, y: -4.39}
      - {x: 6.145, y: -4.42}
      - {x: 6.185, y: -4.42}
      - {x: 6.2149997, y: -4.39}
      - {x: 6.2149997, y: -4.0499997}
      - {x: 6.605, y: -4.0499997}
      - {x: 6.6349998, y: -4.02}
      - {x: 6.6349998, y: -3.98}
      - {x: 6.605, y: -3.9499998}
      - {x: 6.2149997, y: -3.9499998}
      - {x: 6.2149997, y: -3.29}
      - {x: 6.605, y: -3.29}
      - {x: 6.6349998, y: -3.26}
      - {x: 6.6349998, y: -2.49}
      - {x: 6.605, y: -2.46}
      - {x: 5.785, y: -2.46}
      - {x: 5.785, y: 0.03}
      - {x: 6.115, y: 0.03}
      - {x: 6.115, y: -0.31}
      - {x: 6.145, y: -0.34}
      - {x: 6.185, y: -0.34}
      - {x: 6.2149997, y: -0.31}
      - {x: 6.2149997, y: 0.099999994}
      - {x: 6.185, y: 0.13}
      - {x: 5.785, y: 0.13}
      - {x: 5.785, y: 1.15}
      - {x: 6.185, y: 1.15}
      - {x: 6.2149997, y: 1.18}
      - {x: 6.2149997, y: 1.9399999}
      - {x: 6.185, y: 1.9699999}
      - {x: 6.145, y: 1.9699999}
      - {x: 6.115, y: 1.9399999}
      - {x: 6.115, y: 1.25}
      - {x: 5.785, y: 1.25}
      - {x: 5.785, y: 2.6799998}
      - {x: 6.115, y: 2.6799998}
      - {x: 6.115, y: 2.3}
      - {x: 6.145, y: 2.27}
      - {x: 6.185, y: 2.27}
      - {x: 6.2149997, y: 2.3}
      - {x: 6.2149997, y: 2.6799998}
      - {x: 6.9449997, y: 2.6799998}
      - {x: 6.9449997, y: 1.92}
      - {x: 6.975, y: 1.89}
      - {x: 7.015, y: 1.89}
      - {x: 7.045, y: 1.92}
      - {x: 7.045, y: 2.6799998}
      - {x: 7.305, y: 2.6799998}
      - {x: 7.345, y: 2.7}
      - {x: 7.325, y: 2.8}
      - {x: 7.115, y: 2.8999999}
      - {x: 6.745, y: 2.9299998}
      - {x: 6.225, y: 3.07}
      - {x: 5.7349997, y: 3.26}
      - {x: 5.555, y: 3.3799999}
      - {x: 5.315, y: 3.4099998}
      - {x: 4.895, y: 3.49}
      - {x: 4.755, y: 3.51}
      - {x: 4.395, y: 3.6699998}
      - {x: 4.275, y: 3.75}
      - {x: 4.075, y: 3.75}
      - {x: 3.705, y: 3.8999999}
      - {x: 3.435, y: 3.97}
      - {x: 3.215, y: 3.99}
      - {x: 3.115, y: 4.1}
      - {x: 2.895, y: 4.18}
      - {x: 2.745, y: 3.86}
      - {x: 2.675, y: 3.6}
      - {x: 2.715, y: 3.47}
      - {x: 2.935, y: 3.4499998}
      - {x: 2.945, y: 3.3899999}
      - {x: 3.085, y: 3.1399999}
      - {x: 3.185, y: 3.05}
      - {x: 3.2849998, y: 2.9399998}
      - {x: 3.365, y: 2.86}
      - {x: 3.7549999, y: 2.57}
      - {x: 4.015, y: 2.35}
      - {x: 4.075, y: 1.99}
      - {x: 4.065, y: 1.4399999}
      - {x: 4.105, y: 1.26}
      - {x: 4.255, y: 1.18}
      - {x: 4.525, y: 1.14}
      - {x: 4.995, y: 0.85999995}
      - {x: 5.305, y: 0.42999998}
      - {x: 5.365, y: 0.29}
      - {x: 5.4249997, y: 0.17}
      - {x: 5.4049997, y: -0.22}
      - {x: 5.495, y: -0.55}
      - {x: 5.4849997, y: -0.72999996}
      - {x: 5.475, y: -1.4499999}
      - {x: 5.4649997, y: -1.5}
      - {x: 5.4249997, y: -2}
      - {x: 5.395, y: -2.6}
      - {x: 5.325, y: -2.9299998}
      - {x: 5.315, y: -3.1899998}
      - {x: 5.1349998, y: -3.25}
      - {x: 4.975, y: -3.47}
      - {x: 4.9449997, y: -3.58}
      - {x: 4.745, y: -3.8}
      - {x: 4.495, y: -3.98}
      - {x: 4.365, y: -3.98}
      - {x: 4.245, y: -4.0099998}
      - {x: 4.035, y: -4.11}
      - {x: 3.945, y: -4.16}
      - {x: 4.015, y: -4.36}
      - {x: 4.325, y: -4.58}
      - {x: 4.585, y: -4.68}
      - {x: 4.845, y: -4.7}
      - {x: 5.025, y: -4.93}
      - {x: 5.025, y: -5.08}
      - {x: 5.165, y: -5.44}
      - {x: 5.075, y: -5.7}
      - {x: 4.9249997, y: -5.87}
      - {x: 4.805, y: -5.95}
      - {x: 4.205, y: -6.0299997}
      - {x: 3.865, y: -6.1099997}
      - {x: 3.595, y: -6.14}
      - {x: 3.075, y: -5.92}
      - {x: 2.885, y: -5.8799996}
      - {x: 2.895, y: -5.71}
      - {x: 2.995, y: -5.48}
      - {x: 3.0149999, y: -5.37}
      - {x: 3.215, y: -4.95}
      - {x: 3.3249998, y: -4.69}
      - {x: 3.445, y: -4.63}
      - {x: 3.5449998, y: -4.52}
      - {x: 3.475, y: -4.24}
      - {x: 3.425, y: -4.19}
      - {x: 3.2849998, y: -4.15}
      - {x: 3.0449998, y: -3.84}
      - {x: 3.0249999, y: -3.55}
      - {x: 2.875, y: -3.12}
      - {x: 2.675, y: -2.6299999}
      - {x: 2.605, y: -2.26}
      - {x: 2.485, y: -1.9799999}
      - {x: 2.375, y: -1.6999999}
      - {x: 2.2649999, y: -1.0799999}
      - {x: 2.365, y: -0.77}
      - {x: 2.395, y: -0.51}
      - {x: 2.455, y: 0.11}
      - {x: 2.595, y: 0.51}
      - {x: 2.845, y: 0.71999997}
      - {x: 2.975, y: 0.84}
      - {x: 3.245, y: 1.17}
      - {x: 3.425, y: 1.25}
      - {x: 3.465, y: 1.29}
      - {x: 3.405, y: 1.7199999}
      - {x: 3.3149998, y: 1.9399999}
      - {x: 3.0349998, y: 2.45}
      - {x: 2.865, y: 2.61}
      - {x: 2.565, y: 2.75}
      - {x: 2.375, y: 3.03}
      - {x: 2.225, y: 3.1799998}
      - {x: 1.985, y: 3.1499999}
      - {x: 1.305, y: 3.07}
      - {x: 0.805, y: 2.97}
      - {x: 0.645, y: 2.99}
      - {x: 0.39499998, y: 2.96}
      - {x: 0.355, y: 2.9199998}
      - {x: 0.36499998, y: 2.83}
      - {x: 0.46869394, y: 2.7402165}
      - {x: 0.7160605, y: 1.8989819}
      - {x: 0.8226725, y: 1.8596196}
      - {x: 0.8823152, y: 1.8361547}
      - {x: 0.95639855, y: 1.734322}
      - {x: 1.1107204, y: 1.6643219}
      - {x: 1.1836015, y: 1.2857202}
      - {x: 1.1478814, y: 0.8899999}
      - {x: 1.0867289, y: 0.77932227}
      - {x: 0.96644056, y: 0.74283904}
      - {x: 0.7463982, y: 0.75283897}
      - {x: 0.6749575, y: 0.87}
      - {x: 0.713517, y: 1.0914406}
      - {x: 0.913517, y: 1.27}
      - {x: 0.92211866, y: 1.4585593}
      - {x: 0.8092798, y: 1.4842373}
      - {x: 0.325, y: 1.4128392}
      - {x: 0.06783888, y: 1.4171185}
      - {x: -0.0778816, y: 1.5185595}
      - {x: -0.24072048, y: 1.5013982}
      - {x: -0.45499995, y: 1.4613982}
      - {x: -0.57848185, y: 1.3791089}
      - {x: -0.685, y: 1.39}
      - {x: -0.7283569, y: 1.3186852}
      - {x: -0.7276996, y: 1.1919718}
      - {x: -0.8236853, y: 1.04}
      - {x: -0.8523707, y: 0.72934264}
      - {x: -0.853028, y: 0.45999998}
      - {x: -0.783028, y: 0.34}
      - {x: -0.747403, y: 0.223417}
      - {x: -0.8431437, y: 0.01}
      - {x: -0.84732664, y: -0.38767356}
      - {x: -0.82072246, y: -0.69}
      - {x: -0.8241182, y: -0.861257}
      - {x: -0.7316041, y: -0.9223265}
      - {x: -0.48084068, y: -0.82252413}
      - {x: -0.22393064, y: -0.8323263}
      - {x: -0.11972642, y: -0.9452212}
      - {x: -0.13946511, y: -1.1664164}
      - {x: -0.22286126, y: -1.24}
      - {x: -0.34858966, y: -1.2669716}
      - {x: -0.4673683, y: -1.2360058}
      - {x: -0.54296696, y: -1.2086527}
      - {x: -0.6073559, y: -1.156964}
      - {x: -0.7360693, y: -1.153208}
      - {x: -0.7473264, y: -1.1955346}
      - {x: -0.74839574, y: -1.31}
      - {x: -0.705, y: -1.3533958}
      - {x: -0.52946514, y: -1.3578613}
      - {x: 0.032861266, y: -1.3523265}
      - {x: 0.112861, y: -1.2767917}
      - {x: 0.1162569, y: -1.1499999}
      - {x: 0.08286113, y: -0.72553456}
      - {x: 0.0039305063, y: -0.6776735}
      - {x: -0.4428609, y: -0.648743}
      - {x: -0.49736577, y: -0.58472335}
      - {x: -0.54267365, y: -0.39}
      - {x: -0.645, y: 0.69}
      - {x: -0.6893222, y: 1.0242796}
      - {x: -0.6336016, y: 1.1028812}
      - {x: -0.32072034, y: 1.1700424}
      - {x: 0.255, y: 1.1786016}
      - {x: 0.3282375, y: 1.0750546}
      - {x: 0.2578389, y: 0.9713983}
      - {x: -0.4033647, y: 0.9320458}
      - {x: -0.44783905, y: 0.89855933}
      - {x: -0.4363984, y: 0.46855927}
      - {x: -0.385, y: -0.07}
      - {x: -0.33286119, y: -0.32679176}
      - {x: -0.25946543, y: -0.40339595}
      - {x: 0.16499999, y: -0.3957224}
      - {x: 0.38072237, y: -0.4367918}
      - {x: 0.6083959, y: -0.35339597}
      - {x: 0.79053485, y: -0.35339597}
      - {x: 0.94713897, y: -0.4323264}
      - {x: 1.0339307, y: -0.414653}
      - {x: 1.0839305, y: -0.22999999}
      - {x: 0.9394655, y: -0.098555185}
      - {x: 0.928396, y: 0.31339574}
      - {x: 0.78053486, y: 0.39018765}
      - {x: 0.60053486, y: 0.39232662}
      - {x: 0.5758818, y: 0.26999998}
      - {x: 0.54141665, y: -0.009118228}
      - {x: 0.4984331, y: -0.080857016}
      - {x: 0.4109815, y: -0.12228308}
      - {x: 0.15034364, y: -0.15311731}
      - {x: -0.11713886, y: -0.115534805}
      - {x: -0.16713873, y: -0.021069366}
      - {x: -0.18256952, y: 0.37351385}
      - {x: -0.31924155, y: 0.53570694}
      - {x: -0.3192414, y: 0.72141373}
      - {x: -0.22442995, y: 0.8223398}
      - {x: 0.029292975, y: 0.8371207}
      - {x: 0.15353447, y: 0.7257068}
      - {x: 0.15967911, y: 0.5177767}
      - {x: 0.063534506, y: 0.38}
      - {x: 0.04306976, y: 0.1581425}
      - {x: 0.06873604, y: 0.09633992}
      - {x: 0.22499998, y: 0.0976736}
      - {x: 0.35286087, y: 0.15660404}
      - {x: 0.32646534, y: 0.44434467}
      - {x: 0.37908506, y: 0.5636225}
      - {x: 0.48641378, y: 0.6085345}
      - {x: 0.81265634, y: 0.59119284}
      - {x: 1.1278275, y: 0.5371207}
      - {x: 1.153653, y: 0.08188874}
      - {x: 1.2988259, y: -0.028374838}
      - {x: 1.2834284, y: -0.51}
      - {x: 1.2710632, y: -0.61185825}
      - {x: 1.2008861, y: -0.69822794}
      - {x: 0.90713894, y: -0.6955347}
      - {x: 0.68509436, y: -0.790758}
      - {x: 0.41374308, y: -0.69213873}
      - {x: 0.28927782, y: -0.7455346}
      - {x: 0.28374293, y: -0.84999996}
      - {x: 0.33713874, y: -0.9067918}
      - {x: 0.7518212, y: -0.9145689}
      - {x: 1.141821, y: -0.8950322}
      - {x: 1.2236099, y: -0.9977476}
      - {x: 1.242897, y: -1.8369741}
      - {x: 1.2363844, y: -2.1048713}
      - {x: 1.1989485, y: -2.2609227}
      - {x: 0.8949999, y: -2.2878969}
      - {x: 0.8012556, y: -2.36441}
      - {x: 0.6809164, y: -2.3800173}
      - {x: 0.5575644, y: -2.3539486}
      - {x: 0.4686707, y: -2.2815752}
      - {x: 0.42710274, y: -2.136974}
      - {x: 0.49910545, y: -1.9409266}
      - {x: 0.5996287, y: -1.859809}
      - {x: 0.7349999, y: -1.8741055}
      - {x: 0.80180556, y: -1.905796}
      - {x: 0.8949999, y: -2.0177476}
      - {x: 0.96228445, y: -2.02139}
      - {x: 0.9963899, y: -1.9641052}
      - {x: 0.9832111, y: -1.5631789}
      - {x: 0.9036743, y: -1.4795365}
      - {x: 0.7969035, y: -1.5462434}
      - {x: 0.789711, y: -1.6081467}
      - {x: 0.77884656, y: -1.6867201}
      - {x: 0.71186376, y: -1.7369972}
      - {x: 0.5832111, y: -1.6963576}
      - {x: 0.55353963, y: -1.5340793}
      - {x: 0.59228444, y: -1.2904631}
      - {x: 0.7295687, y: -1.268211}
      - {x: 0.90274775, y: -1.2541054}
      - {x: 0.9604955, y: -1.23}
      - {x: 0.94228435, y: -1.1317888}
      - {x: 0.6665829, y: -1.1286101}
      - {x: 0.39453655, y: -1.1749678}
      - {x: 0.36314663, y: -1.22}
      - {x: 0.36361006, y: -1.42}
      - {x: 0.34451237, y: -1.5356716}
      - {x: 0.25817883, y: -1.5913256}
      - {x: 0.06182121, y: -1.5790733}
      - {x: 0.023609918, y: -1.6227157}
      - {x: 0.023146644, y: -1.6999999}
      - {x: 0.042683415, y: -1.8109266}
      - {x: 0.27848715, y: -1.9281541}
      - {x: 0.3233586, y: -2.0369742}
      - {x: 0.3028971, y: -2.3369744}
      - {x: 0.3063843, y: -2.5521028}
      - {x: 0.37289718, y: -2.6055899}
      - {x: 0.88197416, y: -2.6316411}
      - {x: 0.99289703, y: -2.802564}
      - {x: 1.0174589, y: -3.3816938}
      - {x: 1.0708709, y: -3.6052773}
      - {x: 1.0599176, y: -3.7716937}
      - {x: 1.1545154, y: -3.9003875}
      - {x: 1.1623412, y: -4.071244}
      - {x: 1.0891527, y: -4.1624584}
      - {x: 0.9846206, y: -4.223228}
      - {x: 0.8459294, y: -4.202459}
      - {x: 0.6942351, y: -4.1190705}
      - {x: 0.28084692, y: -4.1490703}
      - {x: 0.22652951, y: -4.301529}
      - {x: 0.028223611, y: -4.357541}
      - {x: 0.013305791, y: -4.4809284}
      - {x: 0.015, y: -4.5499997}
      - {x: 0.055, y: -4.64}
      - {x: 0.105, y: -4.7}
      - {x: 0.265, y: -4.77}
      - {x: 0.505, y: -4.7999997}
      - {x: 0.625, y: -4.88}
      - {x: 1.175, y: -5.0099998}
      - {x: 1.265, y: -5.21}
      - {x: 1.265, y: -5.6299996}
      - {x: 1.2149999, y: -5.72}
      - {x: 0.97499996, y: -5.87}
      - {x: 0.305, y: -6.04}
      - {x: -0.295, y: -6}
      - {x: -0.78499997, y: -5.8399997}
      - {x: -0.835, y: -5.69}
      - {x: -1.055, y: -5.41}
      - {x: -1.055, y: -5.3399997}
      - {x: -0.875, y: -5.08}
      - {x: -0.875, y: -4.99}
      - {x: -0.575, y: -4.91}
      - {x: -0.465, y: -4.8199997}
      - {x: -0.415, y: -4.69}
      - {x: -0.375, y: -4.58}
      - {x: -0.40898833, y: -4.44}
      - {x: -0.58467096, y: -4.319235}
      - {x: -0.6665296, y: -4.2007647}
      - {x: -0.94330597, y: -4.1315293}
      - {x: -1.0083586, y: -3.5483394}
      - {x: -0.9641889, y: -3.4108489}
      - {x: -1.0058491, y: -3.2191508}
      - {x: -0.915849, y: -2.9991512}
      - {x: -0.7326424, y: -2.9523957}
      - {x: -0.56771374, y: -3.0190356}
      - {x: -0.5199809, y: -3.1524713}
      - {x: -0.58015543, y: -3.293072}
      - {x: -0.7041508, y: -3.4083395}
      - {x: -0.70747143, y: -3.85}
      - {x: -0.62913185, y: -3.9133203}
      - {x: -0.5249241, y: -3.8732824}
      - {x: -0.43581122, y: -3.8891506}
      - {x: -0.027433641, y: -3.8741314}
      - {x: 0.18916993, y: -3.9191506}
      - {x: 0.580944, y: -3.875792}
      - {x: 0.7383585, y: -3.8166032}
      - {x: 0.80913186, y: -3.699151}
      - {x: 0.8083207, y: -3.5899997}
      - {x: 0.794151, y: -3.21}
      - {x: 0.74747145, y: -2.9233205}
      - {x: 0.62249064, y: -2.8266792}
      - {x: 0.405, y: -2.8391886}
      - {x: 0.34669825, y: -2.8741696}
      - {x: 0.35068256, y: -3.0175412}
      - {x: 0.43991792, y: -3.107541}
      - {x: 0.47087178, y: -3.216394}
      - {x: 0.4538106, y: -3.3848162}
      - {x: 0.3959294, y: -3.427212}
      - {x: 0.36991772, y: -3.5724587}
      - {x: 0.35987586, y: -3.7541125}
      - {x: 0.2783882, y: -3.7949176}
      - {x: -0.050846934, y: -3.7707646}
      - {x: -0.16499999, y: -3.7724588}
      - {x: -0.2396609, y: -3.7200341}
      - {x: -0.2840706, y: -3.5983057}
      - {x: -0.29991773, y: -3.4299998}
      - {x: -0.36237666, y: -3.270929}
      - {x: -0.36822358, y: -3.0416942}
      - {x: -0.29237664, y: -2.9192348}
      - {x: -0.1574821, y: -2.9056828}
      - {x: -0.12347027, y: -3.028306}
      - {x: -0.09453858, y: -3.1242056}
      - {x: 0.03453858, y: -3.1286156}
      - {x: 0.08664149, y: -3.073487}
      - {x: 0.057102792, y: -2.52}
      - {x: 0.053615686, y: -2.167897}
      - {x: -0.0145384865, y: -2.0883586}
      - {x: -0.09802572, y: -2.0948713}
      - {x: -0.11664138, y: -2.1504612}
      - {x: -0.14058994, y: -2.646974}
      - {x: -0.18269286, y: -2.753487}
      - {x: -0.4984871, y: -2.7613842}
      - {x: -1.0424356, y: -2.7913842}
      - {x: -1.1716543, y: -2.7718093}
      - {x: -1.200843, y: -2.723137}
      - {x: -1.210019, y: -2.3283393}
      - {x: -1.1917171, y: -2.0625093}
      - {x: -0.9291318, y: -1.9999619}
      - {x: -0.7349999, y: -1.8983016}
      - {x: -0.549981, y: -1.9433205}
      - {x: -0.5028463, y: -2.0518322}
      - {x: -0.49164143, y: -2.23}
      - {x: -0.5365406, y: -2.3008044}
      - {x: -0.64579344, y: -2.346602}
      - {x: -0.8117171, y: -2.340849}
      - {x: -0.91499996, y: -2.2233584}
      - {x: -0.97499996, y: -2.2375283}
      - {x: -1.0099809, y: -2.290849}
      - {x: -0.9916413, y: -2.51}
      - {x: -0.9333396, y: -2.5483017}
      - {x: -0.47673628, y: -2.52}
      - {x: -0.3700189, y: -2.47}
      - {x: -0.36043116, y: -2.00139}
      - {x: -0.326303, y: -1.9005985}
      - {x: -0.19267353, y: -1.8055345}
      - {x: -0.19713879, y: -1.63}
      - {x: -0.24267359, y: -1.5976734}
      - {x: -0.7984253, y: -1.5920353}
      - {x: -0.9860697, y: -1.5132082}
      - {x: -1.0548009, y: -1.43481}
      - {x: -1.0782081, y: -1.3176734}
      - {x: -1.0816431, y: -0.53999996}
      - {x: -1.1052419, y: -0.11039795}
      - {x: -1.0816431, y: 0.0153286895}
      - {x: -1.198728, y: 0.07341405}
      - {x: -1.2582867, y: 0.18598601}
      - {x: -1.1776294, y: 0.39868522}
      - {x: -1.1223007, y: 0.51}
      - {x: -1.1012157, y: 1.1953866}
      - {x: -1.0316432, y: 1.3}
      - {x: -0.98295814, y: 1.5126992}
      - {x: -0.86099255, y: 1.6128912}
      - {x: -0.73098606, y: 1.6766434}
      - {x: -0.28967118, y: 1.7366433}
      - {x: -0.040328562, y: 1.7792586}
      - {x: 0.12923709, y: 1.8657204}
      - {x: 0.2063985, y: 1.93}
      - {x: 0.22211872, y: 1.9942796}
      - {x: 0.15804487, y: 2.123261}
      - {x: 0.05456712, y: 2.5332613}
      - {x: -0.024999999, y: 2.95}
      - {x: -0.095, y: 3.01}
      - {x: -0.415, y: 3}
      - {x: -0.545, y: 3.07}
      - {x: -0.72499996, y: 3.09}
      - {x: -1.045, y: 3.1799998}
      - {x: -1.2049999, y: 3.23}
      - {x: -1.265, y: 3.1399999}
      - {x: -1.255, y: 2.99}
      - {x: -1.3349999, y: 2.49}
      - {x: -1.625, y: 2.32}
      - {x: -1.7049999, y: 2.22}
      - {x: -2.0249999, y: 2}
      - {x: -2.195, y: 1.89}
      - {x: -2.465, y: 1.8399999}
      - {x: -2.645, y: 1.8399999}
      - {x: -2.7949998, y: 1.91}
      - {x: -3.0149999, y: 2.01}
      - {x: -3.125, y: 2.1599998}
      - {x: -3.115, y: 2.34}
      - {x: -3.155, y: 2.45}
      - {x: -2.995, y: 2.6299999}
      - {x: -2.825, y: 2.7}
      - {x: -2.2849998, y: 2.7}
      - {x: -2.175, y: 2.73}
      - {x: -2.0149999, y: 2.81}
      - {x: -1.8349999, y: 2.95}
      - {x: -1.6949999, y: 3.1899998}
      - {x: -1.6949999, y: 3.26}
      - {x: -1.785, y: 3.33}
      - {x: -2.055, y: 3.36}
      - {x: -2.385, y: 3.4499998}
      - {x: -2.745, y: 3.4299998}
      - {x: -2.985, y: 3.23}
      - {x: -3.5549998, y: 2.8999999}
      - {x: -3.625, y: 2.85}
      - {x: -3.7549999, y: 2.69}
      - {x: -3.925, y: 2.6299999}
      - {x: -4.2149997, y: 2.48}
      - {x: -4.525, y: 2.45}
      - {x: -4.665, y: 2.37}
      - {x: -4.645, y: 2.19}
      - {x: -4.595, y: 2.1}
      - {x: -4.415, y: 1.99}
      - {x: -4.165, y: 1.9799999}
      - {x: -3.975, y: 1.8199999}
      - {x: -3.615, y: 1.7199999}
      - {x: -3.435, y: 1.5899999}
      - {x: -3.195, y: 1.4499999}
      - {x: -3.145, y: 1.36}
      - {x: -3.205, y: 0.64}
      - {x: -3.415, y: 0.32}
      - {x: -3.665, y: 0.24}
      - {x: -3.7549999, y: 0.14999999}
      - {x: -3.7549999, y: -0.049999997}
      - {x: -3.705, y: -0.17999999}
      - {x: -3.5549998, y: -0.32999998}
      - {x: -3.455, y: -0.39999998}
      - {x: -3.2749999, y: -0.51}
      - {x: -2.895, y: -0.56}
      - {x: -2.745, y: -0.64}
      - {x: -2.415, y: -0.78999996}
      - {x: -2.305, y: -0.97999996}
      - {x: -2.235, y: -1.26}
      - {x: -2.2549999, y: -1.5699999}
      - {x: -2.415, y: -2.23}
      - {x: -2.435, y: -2.35}
      - {x: -2.595, y: -2.57}
      - {x: -2.7849998, y: -2.79}
      - {x: -2.825, y: -2.97}
      - {x: -2.8149998, y: -3.4299998}
      - {x: -2.7649999, y: -3.55}
      - {x: -2.705, y: -3.6499999}
      - {x: -2.445, y: -3.8999999}
      - {x: -2.345, y: -4.08}
      - {x: -2.5449998, y: -4.64}
      - {x: -2.625, y: -4.75}
      - {x: -2.7749999, y: -4.7799997}
      - {x: -3.075, y: -4.93}
      - {x: -3.225, y: -4.92}
      - {x: -3.625, y: -5.04}
      - {x: -3.845, y: -5.0899997}
      - {x: -3.995, y: -5.04}
      - {x: -4.165, y: -5.0299997}
      - {x: -4.2149997, y: -5.06}
      - {x: -4.525, y: -5.38}
      - {x: -4.665, y: -5.64}
      - {x: -4.9849997, y: -5.75}
      - {x: -5.325, y: -5.71}
      - {x: -5.505, y: -5.62}
      - {x: -5.615, y: -5.5899997}
      - {x: -5.765, y: -5.41}
      - {x: -5.785, y: -5.1099997}
      - {x: -5.585, y: -4.83}
      - {x: -5.4649997, y: -4.72}
      - {x: -4.915, y: -4.75}
      - {x: -4.7149997, y: -4.77}
      - {x: -4.4649997, y: -4.77}
      - {x: -4.3849998, y: -4.73}
      - {x: -4.305, y: -4.64}
      - {x: -4.305, y: -4.5499997}
      - {x: -4.315, y: -4.33}
      - {x: -4.165, y: -3.99}
      - {x: -3.645, y: -3.9199998}
      - {x: -3.5249999, y: -3.81}
      - {x: -3.445, y: -3.6599998}
      - {x: -3.355, y: -3.3799999}
      - {x: -3.3249998, y: -3.1999998}
      - {x: -3.355, y: -2.98}
      - {x: -3.495, y: -2.9099998}
      - {x: -4.145, y: -2.77}
      - {x: -4.435, y: -2.54}
      - {x: -4.475, y: -2.27}
      - {x: -4.475, y: -1.5}
      - {x: -4.455, y: -1.43}
      - {x: -4.435, y: -1.29}
      - {x: -4.3849998, y: -0.97999996}
      - {x: -4.275, y: -0.74}
      - {x: -4.255, y: -0.65999997}
      - {x: -4.265, y: -0.29}
      - {x: -4.3849998, y: -0.19}
      - {x: -4.515, y: -0.21}
      - {x: -5.065, y: -0.29999998}
      - {x: -5.335, y: -0.14}
      - {x: -5.4249997, y: 0.049999997}
      - {x: -5.4849997, y: 0.31}
      - {x: -5.4649997, y: 0.68}
      - {x: -5.435, y: 1.1999999}
      - {x: -5.455, y: 1.28}
      - {x: -5.525, y: 1.8}
      - {x: -5.575, y: 1.9399999}
      - {x: -5.6349998, y: 1.99}
      - {x: -5.805, y: 1.99}
      - {x: -5.9249997, y: 1.9799999}
      - {x: -6.125, y: 1.8299999}
      - {x: -6.2549996, y: 1.68}
      - {x: -6.305, y: 1.4399999}
      - {x: -6.245, y: 1.27}
      - {x: -6.2149997, y: 1.01}
      - {x: -6.075, y: 0.82}
      - {x: -5.9649997, y: 0.63}
      - {x: -5.9449997, y: 0.28}
      - {x: -6.015, y: 0.21}
      - {x: -6.045, y: 0.13}
      - {x: -6.1749997, y: -0.16}
      - {x: -6.305, y: -0.26}
      - {x: -6.375, y: -0.34}
      - {x: -6.4849997, y: -0.47}
      - {x: -6.815, y: -0.58}
      - {x: -7.035, y: -0.52}
      - {x: -7.145, y: -0.52}
      - {x: -7.2949996, y: -0.66999996}
      - {x: -7.355, y: -0.77}
      - {x: -7.4049997, y: -0.97999996}
      - {x: -7.575, y: -1.17}
      - {x: -7.625, y: -1.28}
      - {x: -7.605, y: -1.49}
      - {x: -7.475, y: -1.5999999}
      - {x: -6.835, y: -1.5}
      - {x: -6.665, y: -1.5}
      - {x: -6.3849998, y: -1.5899999}
      - {x: -6.0049996, y: -1.5899999}
      - {x: -5.9449997, y: -1.6999999}
      - {x: -5.9649997, y: -2.18}
      - {x: -5.8849998, y: -2.4099998}
      - {x: -5.805, y: -2.8799999}
      - {x: -5.825, y: -3.1499999}
      - {x: -5.7149997, y: -3.3899999}
      - {x: -5.6349998, y: -3.6999998}
      - {x: -5.525, y: -4.14}
      - {x: -5.6749997, y: -4.15}
      - {x: -5.8849998, y: -4.21}
      - {x: -6.2549996, y: -4.21}
      - {x: -6.625, y: -4.25}
      - {x: -6.9249997, y: -4.349449}
      - {x: -7.009496, y: -4.42789}
      - {x: -7.0173855, y: -4.7802753}
      - {x: -6.969496, y: -4.8721104}
      - {x: -6.8573856, y: -4.9484406}
      - {x: -6.5934405, y: -5.0681653}
      - {x: -6.567385, y: -5.3394485}
      - {x: -6.7752757, y: -5.6257796}
      - {x: -6.953165, y: -5.685504}
      - {x: -7.625, y: -5.759449}
      - {x: -7.8971095, y: -5.695504}
      - {x: -7.9665585, y: -5.503945}
      - {x: -8.074449, y: -5.3578897}
      - {x: -8.042614, y: -5.0426607}
      - {x: -7.908944, y: -4.9423857}
      - {x: -7.501055, y: -4.878441}
      - {x: -7.3505044, y: -4.7484407}
      - {x: -7.2983932, y: -4.61422}
      - {x: -7.308669, y: -4.481559}
      - {x: -7.3907795, y: -4.4115596}
      - {x: -7.665, y: -4.35}
      - {x: -8.095, y: -4.48}
      - {x: -8.405, y: -4.47}
      - {x: -8.6449995, y: -4.52}
      - {x: -8.865, y: -4.5}
      - {x: -8.985, y: -4.46}
      - {x: -8.955, y: -4.35}
      - {x: -8.995, y: -4.0299997}
      - {x: -9.065, y: -3.9099998}
      - {x: -9.085, y: -3.6}
      - {x: -9.005, y: -3.1399999}
      - {x: -9.054999, y: -2.6}
      - {x: -9.115, y: -2.32}
      - {x: -9.165, y: -2.1399999}
      - {x: -9.125, y: -1.9799999}
      - {x: -9.025, y: -1.81}
      - {x: -8.815, y: -1.6899999}
      - {x: -8.615, y: -1.61}
      - {x: -8.224999, y: -1.5899999}
      - {x: -8.045, y: -1.55}
      - {x: -7.995, y: -1.48}
      - {x: -8.005, y: -1.0699999}
      - {x: -8.075, y: -0.85999995}
      - {x: -8.1449995, y: -0.58}
      - {x: -8.215, y: -0.45999998}
      - {x: -8.545, y: -0.35999998}
      - {x: -8.615, y: -0.17}
      - {x: -8.684999, y: -0.03}
      - {x: -8.684999, y: 0.13}
      - {x: -8.705, y: 0.45999998}
      - {x: -8.745, y: 0.71}
      - {x: -8.715, y: 0.77}
      - {x: -8.684999, y: 1.0799999}
      - {x: -8.345, y: 1.4}
      - {x: -8.1449995, y: 1.5}
      - {x: -7.605, y: 1.61}
      - {x: -7.455, y: 1.7099999}
      - {x: -7.2349997, y: 1.86}
      - {x: -7.105, y: 1.9599999}
      - {x: -6.875, y: 1.9699999}
      - {x: -6.6949997, y: 2.1499999}
      - {x: -6.605, y: 2.45}
      - {x: -6.6949997, y: 2.56}
      - {x: -6.745, y: 2.59}
      - {x: -7.095, y: 2.6399999}
      - {x: -7.2549996, y: 2.62}
      - {x: -7.4249997, y: 2.57}
      - {x: -7.845, y: 2.59}
      - {x: -7.915, y: 2.54}
      - {x: -8.175, y: 2.6599998}
      - {x: -8.224999, y: 2.71}
      - {x: -8.684999, y: 2.87}
      - {x: -8.795, y: 2.95}
      - {x: -8.985, y: 3.1699998}
      - {x: -9.175, y: 3.33}
      - {x: -9.125, y: 3.48}
      - {x: -9.125, y: 3.9599998}
      - {x: -8.995, y: 4.2799997}
      - {x: -8.8949995, y: 4.2999997}
      - {x: -8.845, y: 4.38}
      - {x: -8.795, y: 4.56}
      - {x: -8.785, y: 4.66}
      - {x: -8.615, y: 4.7799997}
      - {x: -8.485, y: 4.81}
      - {x: -8.235, y: 4.91}
      - {x: -7.855, y: 4.9}
      - {x: -7.6549997, y: 4.96}
      - {x: -7.285, y: 4.97}
      - {x: -7.055, y: 4.83}
      - {x: -6.975, y: 4.81}
      - {x: -6.645, y: 4.83}
      - {x: -6.455, y: 4.66}
      - {x: -6.355, y: 4.46}
      - {x: -6.115, y: 4.29}
      - {x: -6.055, y: 4.15}
      - {x: -6.065, y: 3.8999999}
      - {x: -6.0049996, y: 3.6}
      - {x: -6.035, y: 3.47}
      - {x: -5.9849997, y: 3.1899998}
      - {x: -5.875, y: 3.11}
      - {x: -5.6949997, y: 3.12}
      - {x: -5.2149997, y: 3.36}
      - {x: -4.795, y: 3.3799999}
      - {x: -4.435, y: 3.48}
      - {x: -4.125, y: 3.6299999}
      - {x: -4.015, y: 3.76}
      - {x: -4.005, y: 3.86}
      - {x: -4.1349998, y: 4.0699997}
      - {x: -4.115, y: 4.29}
      - {x: -4.145, y: 4.7599998}
      - {x: -4.125, y: 4.85}
      - {x: -3.935, y: 5.27}
      - {x: -3.885, y: 5.4}
      - {x: -3.715, y: 5.5899997}
      - {x: -3.605, y: 5.5899997}
      - {x: -3.345, y: 5.68}
      - {x: -3.115, y: 5.7799997}
      - {x: -2.945, y: 5.87}
      - {x: -2.5149999, y: 6.14}
      - {x: -2.5149999, y: 6.15}
      - {x: -1.385, y: 6.15}
      - {x: -1.3349999, y: 6.12}
      - {x: -1.255, y: 6.1}
      - {x: -0.84499997, y: 6.1099997}
      - {x: -0.685, y: 6.1299996}
      - {x: -0.635, y: 6.14}
      - {x: -0.285, y: 6.16}
      - {x: -0.13499999, y: 6.1299996}
      - {x: 0.24499999, y: 6.15}
      - {x: 0.49499997, y: 6.2}
      - {x: 0.745, y: 6.12}
      - {x: 1.105, y: 6.0899997}
      - {x: 2.075, y: 6.06}
      - {x: 2.215, y: 6.0099998}
      - {x: 2.2749999, y: 5.91}
      - {x: 2.635, y: 5.5499997}
      - {x: 2.865, y: 4.92}
      - {x: 2.855, y: 4.5899997}
      - {x: 2.895, y: 4.52}
      - {x: 2.935, y: 4.47}
      - {x: 3.205, y: 4.38}
      - {x: 3.3149998, y: 4.31}
      - {x: 3.365, y: 4.29}
      - {x: 3.8149998, y: 4.21}
      - {x: 4.005, y: 4.19}
      - {x: 4.105, y: 4.22}
      - {x: 4.205, y: 4.33}
      - {x: 4.1349998, y: 4.67}
      - {x: 3.985, y: 4.94}
      - {x: 3.995, y: 5.27}
      - {x: 4.075, y: 5.35}
      - {x: 4.1949997, y: 5.64}
      - {x: 4.455, y: 5.7999997}
      - {x: 4.6949997, y: 5.95}
      - {x: 4.825, y: 5.95}
      - {x: 5.185, y: 6.0299997}
      - {x: 5.595, y: 6.02}
      - {x: 5.815, y: 5.97}
      - {x: 6.055, y: 5.89}
      - {x: 6.225, y: 5.9}
      - {x: 6.375, y: 5.97}
      - {x: 6.625, y: 6.1299996}
      - {x: 6.825, y: 6.19}
      - {x: 6.9649997, y: 6.27}
      - {x: 7.125, y: 6.2599998}
      - {x: 7.585, y: 6.2799997}
      - {x: 7.875, y: 6.3199997}
      - {x: 8.885, y: 6.2}
      - {x: 9.085, y: 5.99}
      - {x: 9.195, y: 5.71}
      - {x: 9.235, y: 5.42}
      - {x: 9.105, y: 5.13}
      - {x: 9.105, y: 4.93}
      - {x: 9.025, y: 4.74}
      - {x: 8.915, y: 4.63}
      - {x: 8.764999, y: 4.65}
      - {x: 7.595, y: 4.63}
      - {x: 7.2349997, y: 4.85}
      - {x: 7.1349998, y: 5.1099997}
      - {x: 7.015, y: 5.2799997}
      - {x: 6.955, y: 5.5099998}
      - {x: 6.875, y: 5.6099997}
      - {x: 6.765, y: 5.66}
      - {x: 6.615, y: 5.65}
      - {x: 6.5049996, y: 5.62}
      - {x: 6.435, y: 5.5699997}
      - {x: 6.435, y: 5.44}
      - {x: 6.4649997, y: 5.37}
      - {x: 6.555, y: 5.27}
      - {x: 6.5249996, y: 4.91}
      - {x: 6.475, y: 4.64}
      - {x: 6.325, y: 4.37}
      - {x: 6.245, y: 4.3399997}
      - {x: 5.935, y: 4.25}
      - {x: 5.795, y: 4.2599998}
      - {x: 5.415, y: 4.42}
      - {x: 5.065, y: 4.41}
      - {x: 4.765, y: 4.33}
      - {x: 4.665, y: 4.25}
      - {x: 4.605, y: 4.0499997}
      - {x: 4.6949997, y: 3.98}
      - {x: 4.9649997, y: 3.9199998}
      - {x: 5.375, y: 3.8}
      - {x: 5.515, y: 3.77}
      - {x: 5.775, y: 3.77}
      - {x: 6.7349997, y: 3.55}
      - {x: 6.9249997, y: 3.53}
      - {x: 7.2749996, y: 3.35}
      - {x: 7.5249996, y: 3.1399999}
      - {x: 7.6349998, y: 3.05}
      - {x: 7.7349997, y: 2.7}
      - {x: 7.7749996, y: 2.6799998}
      - {x: 8.585, y: 2.6799998}
      - {x: 8.585, y: 1.62}
      - {x: 8.195, y: 1.62}
      - {x: 8.165, y: 1.5899999}
      - {x: 8.165, y: 1.18}
      - {x: 8.195, y: 1.15}
      - {x: 8.235, y: 1.15}
      - {x: 8.264999, y: 1.18}
      - {x: 8.264999, y: 1.52}
      - {x: 9.005, y: 1.52}
      - {x: 9.005, y: 1.25}
      - {x: 8.615, y: 1.25}
      - {x: 8.585, y: 1.22}
      - {x: 8.585, y: 1.18}
      - {x: 8.615, y: 1.15}
      - {x: 9.085, y: 1.15}
      - {x: 9.115, y: 1.18}
      - {x: 9.115, y: 1.5899999}
      - {x: 9.085, y: 1.62}
      - {x: 8.684999, y: 1.62}
      - {x: 8.684999, y: 2.6799998}
      - {x: 9.425, y: 2.6799998}
      - {x: 9.425, y: 2.01}
      - {x: 9.115, y: 2.01}
      - {x: 9.115, y: 2.33}
      - {x: 9.085, y: 2.36}
      - {x: 9.035, y: 2.36}
      - {x: 9.005, y: 2.33}
      - {x: 9.005, y: 1.93}
      - {x: 9.035, y: 1.9}
      - {x: 9.425, y: 1.9}
      - {x: 9.425, y: 0.87}
      - {x: 8.615, y: 0.87}
      - {x: 8.585, y: 0.84}
      - {x: 8.585, y: 0.79999995}
      - {x: 8.615, y: 0.77}
      - {x: 9.425, y: 0.77}
      - {x: 9.425, y: -0.59999996}
      - {x: 9.035, y: -0.59999996}
      - {x: 9.005, y: -0.63}
      - {x: 9.005, y: -0.97999996}
      - {x: 8.615, y: -0.97999996}
      - {x: 8.585, y: -1.01}
      - {x: 8.585, y: -1.35}
      - {x: 6.975, y: -1.35}
      - {x: 6.9449997, y: -1.38}
      - {x: 6.9449997, y: -1.42}
      - {x: 6.975, y: -1.4499999}
      - {x: 8.655, y: -1.4499999}
      - {x: 8.684999, y: -1.42}
      - {x: 8.684999, y: -1.0799999}
      - {x: 9.085, y: -1.0799999}
      - {x: 9.115, y: -1.05}
      - {x: 9.115, y: -0.7}
      - {x: 9.425, y: -0.7}
      - {x: 9.425, y: -1.35}
      - {x: 9.035, y: -1.35}
      - {x: 9.005, y: -1.38}
      - {x: 9.005, y: -1.42}
      - {x: 9.035, y: -1.4499999}
      - {x: 9.425, y: -1.4499999}
      - {x: 9.425, y: -1.7199999}
      - {x: 8.615, y: -1.7199999}
      - {x: 8.585, y: -1.75}
      - {x: 8.585, y: -2.11}
      - {x: 8.264999, y: -2.11}
      - {x: 8.264999, y: -1.75}
      - {x: 8.235, y: -1.7199999}
      - {x: 6.6349998, y: -1.7199999}
      - {x: 6.6349998, y: -1.0799999}
      - {x: 8.235, y: -1.0799999}
      - {x: 8.264999, y: -1.05}
      - {x: 8.264999, y: -0.7}
      - {x: 8.655, y: -0.7}
      - {x: 8.684999, y: -0.66999996}
      - {x: 8.684999, y: -0.32999998}
      - {x: 9.085, y: -0.32999998}
      - {x: 9.115, y: -0.29999998}
      - {x: 9.115, y: 0.48}
      - {x: 9.085, y: 0.51}
      - {x: 9.035, y: 0.51}
      - {x: 9.005, y: 0.48}
      - {x: 9.005, y: -0.22}
      - {x: 8.615, y: -0.22}
      - {x: 8.585, y: -0.25}
      - {x: 8.585, y: -0.59999996}
      - {x: 8.195, y: -0.59999996}
      - {x: 8.165, y: -0.63}
      - {x: 8.165, y: -0.97999996}
      - {x: 6.565, y: -0.97999996}
      - {x: 6.535, y: -1.01}
      - {x: 6.535, y: -1.79}
      - {x: 6.565, y: -1.8199999}
      - {x: 7.345, y: -1.8199999}
      - {x: 7.345, y: -2.1599998}
      - {x: 7.375, y: -2.19}
      - {x: 7.4249997, y: -2.19}
      - {x: 7.455, y: -2.1599998}
      - {x: 7.455, y: -1.8199999}
      - {x: 8.165, y: -1.8199999}
      - {x: 8.165, y: -2.18}
      - {x: 8.195, y: -2.21}
      - {x: 8.655, y: -2.21}
      - {x: 8.684999, y: -2.18}
      - {x: 8.684999, y: -1.8199999}
      - {x: 9.425, y: -1.8199999}
      - {x: 9.425, y: -2.83}
      - {x: 9.115, y: -2.83}
      - {x: 9.115, y: -2.12}
      - {x: 9.085, y: -2.09}
      - {x: 9.035, y: -2.09}
      - {x: 9.005, y: -2.12}
      - {x: 9.005, y: -2.83}
      - {x: 8.615, y: -2.83}
      - {x: 8.585, y: -2.86}
      - {x: 8.585, y: -2.8999999}
      - {x: 8.615, y: -2.9299998}
      - {x: 9.425, y: -2.9299998}
      - {x: 9.425, y: -4.71}
      - {x: 9.115, y: -4.71}
      - {x: 9.115, y: -4.35}
      - {x: 9.085, y: -4.3199997}
      - {x: 9.035, y: -4.3199997}
      - {x: 9.005, y: -4.35}
      - {x: 9.005, y: -4.71}
      - {x: 7.855, y: -4.71}
      - {x: 7.805, y: -4.74}
      - {x: 7.815, y: -4.96}
      - {x: 7.935, y: -5.0299997}
      - {x: 8.235, y: -5.13}
      - {x: 8.345, y: -5.27}
      - {x: 8.355, y: -5.5}
      - {x: 8.405, y: -5.77}
      - {x: 8.304999, y: -6.08}
      - {x: 8.005, y: -6.24}
      - {x: 7.495, y: -6.2599998}
      - {x: 6.865, y: -6.2799997}
    - - {x: -0.050589964, y: -3.3609228}
      - {x: -0.064538576, y: -3.5395381}
      - {x: -0.023764918, y: -3.568586}
      - {x: 0.10756431, y: -3.5690768}
      - {x: 0.16407718, y: -3.5365126}
      - {x: 0.1675643, y: -3.4732296}
      - {x: 0.016641472, y: -3.350461}
--- !u!60 &60243508969652384
PolygonCollider2D:
  m_ObjectHideFlags: 1
  m_PrefabParentObject: {fileID: 0}
  m_PrefabInternal: {fileID: 100100000}
  m_GameObject: {fileID: 1760602596749090}
  m_Enabled: 1
  m_Density: 1
  m_Material: {fileID: 0}
  m_IsTrigger: 1
  m_UsedByEffector: 0
  m_UsedByComposite: 0
  m_Offset: {x: 0, y: 0}
  m_SpriteTilingProperty:
    border: {x: 0, y: 0, z: 0, w: 0}
    pivot: {x: 0, y: 0}
    oldSize: {x: 0, y: 0}
    newSize: {x: 0, y: 0}
    adaptiveTilingThreshold: 0
    drawMode: 0
    adaptiveTiling: 0
  m_AutoTiling: 0
  m_Points:
    m_Paths:
    - - {x: 0.11434386, y: 0.3118273}
      - {x: -0.1092597, y: 1.0574545}
      - {x: -0.181301, y: 1.1430827}
      - {x: -0.17595136, y: 1.229487}
      - {x: -0.6476021, y: 1.272155}
      - {x: -0.59846145, y: 1.1729181}
      - {x: -0.5632652, y: 0.9824003}
      - {x: -0.4972399, y: 0.77839094}
      - {x: -0.40619496, y: 0.37953368}
      - {x: -0.34946066, y: 0.28973398}
      - {x: -0.37738618, y: 0.20059891}
      - {x: 0.13964586, y: 0.2067662}
--- !u!60 &60277086657132370
PolygonCollider2D:
  m_ObjectHideFlags: 1
  m_PrefabParentObject: {fileID: 0}
  m_PrefabInternal: {fileID: 100100000}
  m_GameObject: {fileID: 1644828649640692}
  m_Enabled: 1
  m_Density: 1
  m_Material: {fileID: 0}
  m_IsTrigger: 0
  m_UsedByEffector: 0
  m_UsedByComposite: 0
  m_Offset: {x: 0, y: 0}
  m_SpriteTilingProperty:
    border: {x: 0, y: 0, z: 0, w: 0}
    pivot: {x: 0.5, y: 0.5}
    oldSize: {x: 19.05, y: 13.06}
    newSize: {x: 19.05, y: 13.06}
    adaptiveTilingThreshold: 0.5
    drawMode: 0
    adaptiveTiling: 0
  m_AutoTiling: 0
  m_Points:
    m_Paths:
    - - {x: -9.525, y: 6.5299997}
      - {x: -9.525, y: -6.5299997}
      - {x: 9.525, y: -6.5299997}
      - {x: 9.525, y: 6.5299997}
    - - {x: 6.5249996, y: -6.19}
      - {x: 6.4049997, y: -6.14}
      - {x: 6.225, y: -6.0699997}
      - {x: 6.185, y: -5.92}
      - {x: 6.085, y: -5.7599998}
      - {x: 6.125, y: -5.5}
      - {x: 6.3849998, y: -5.14}
      - {x: 6.555, y: -5.0499997}
      - {x: 6.995, y: -4.95}
      - {x: 7.325, y: -4.94}
      - {x: 7.365, y: -4.93}
      - {x: 7.4249997, y: -4.89}
      - {x: 7.4649997, y: -4.81}
      - {x: 7.455, y: -4.43}
      - {x: 8.655, y: -4.43}
      - {x: 8.684999, y: -4.4}
      - {x: 8.684999, y: -4.0499997}
      - {x: 9.085, y: -4.0499997}
      - {x: 9.115, y: -4.02}
      - {x: 9.115, y: -3.22}
      - {x: 9.085, y: -3.1899998}
      - {x: 8.264999, y: -3.1899998}
      - {x: 8.264999, y: -2.57}
      - {x: 8.655, y: -2.57}
      - {x: 8.684999, y: -2.54}
      - {x: 8.684999, y: -2.49}
      - {x: 8.655, y: -2.46}
      - {x: 7.855, y: -2.46}
      - {x: 7.855, y: -2.12}
      - {x: 7.825, y: -2.09}
      - {x: 7.7749996, y: -2.09}
      - {x: 7.745, y: -2.12}
      - {x: 7.745, y: -2.46}
      - {x: 7.045, y: -2.46}
      - {x: 7.045, y: -2.1399999}
      - {x: 7.015, y: -2.11}
      - {x: 6.2149997, y: -2.11}
      - {x: 6.2149997, y: -0.7}
      - {x: 7.825, y: -0.7}
      - {x: 7.855, y: -0.66999996}
      - {x: 7.855, y: -0.32999998}
      - {x: 8.235, y: -0.32999998}
      - {x: 8.264999, y: -0.29999998}
      - {x: 8.264999, y: 0.03}
      - {x: 8.655, y: 0.03}
      - {x: 8.684999, y: 0.06}
      - {x: 8.684999, y: 0.47}
      - {x: 8.655, y: 0.5}
      - {x: 8.264999, y: 0.5}
      - {x: 8.264999, y: 0.84}
      - {x: 8.235, y: 0.87}
      - {x: 7.855, y: 0.87}
      - {x: 7.855, y: 1.9}
      - {x: 8.235, y: 1.9}
      - {x: 8.264999, y: 1.93}
      - {x: 8.264999, y: 1.9799999}
      - {x: 8.235, y: 2.01}
      - {x: 7.855, y: 2.01}
      - {x: 7.855, y: 2.28}
      - {x: 8.235, y: 2.28}
      - {x: 8.264999, y: 2.31}
      - {x: 8.264999, y: 2.35}
      - {x: 8.235, y: 2.3799999}
      - {x: 7.7749996, y: 2.3799999}
      - {x: 7.745, y: 2.35}
      - {x: 7.745, y: 1.25}
      - {x: 6.975, y: 1.25}
      - {x: 6.9449997, y: 1.22}
      - {x: 6.9449997, y: 1.18}
      - {x: 6.975, y: 1.15}
      - {x: 7.345, y: 1.15}
      - {x: 7.345, y: 0.81}
      - {x: 7.375, y: 0.78}
      - {x: 7.4249997, y: 0.78}
      - {x: 7.455, y: 0.81}
      - {x: 7.455, y: 1.15}
      - {x: 7.745, y: 1.15}
      - {x: 7.745, y: 0.42999998}
      - {x: 7.7749996, y: 0.39999998}
      - {x: 7.825, y: 0.39999998}
      - {x: 7.855, y: 0.42999998}
      - {x: 7.855, y: 0.77}
      - {x: 8.165, y: 0.77}
      - {x: 8.165, y: 0.42999998}
      - {x: 8.195, y: 0.39999998}
      - {x: 8.585, y: 0.39999998}
      - {x: 8.585, y: 0.13}
      - {x: 7.455, y: 0.13}
      - {x: 7.455, y: 0.47}
      - {x: 7.4249997, y: 0.5}
      - {x: 7.375, y: 0.5}
      - {x: 7.345, y: 0.47}
      - {x: 7.345, y: -0.22}
      - {x: 6.975, y: -0.22}
      - {x: 6.9249997, y: -0.24}
      - {x: 6.9649997, y: -0.35}
      - {x: 7.4249997, y: -0.32999998}
      - {x: 7.455, y: -0.29999998}
      - {x: 7.455, y: 0.03}
      - {x: 8.165, y: 0.03}
      - {x: 8.165, y: -0.22}
      - {x: 7.7749996, y: -0.22}
      - {x: 7.745, y: -0.25}
      - {x: 7.745, y: -0.59999996}
      - {x: 6.6349998, y: -0.59999996}
      - {x: 6.6349998, y: 0.03}
      - {x: 7.015, y: 0.03}
      - {x: 7.045, y: 0.06}
      - {x: 7.045, y: 0.099999994}
      - {x: 7.015, y: 0.13}
      - {x: 6.6349998, y: 0.13}
      - {x: 6.6349998, y: 0.47}
      - {x: 6.605, y: 0.5}
      - {x: 6.2149997, y: 0.5}
      - {x: 6.2149997, y: 0.77}
      - {x: 6.9449997, y: 0.77}
      - {x: 6.9449997, y: 0.42999998}
      - {x: 6.975, y: 0.39999998}
      - {x: 7.015, y: 0.39999998}
      - {x: 7.045, y: 0.42999998}
      - {x: 7.045, y: 0.84}
      - {x: 7.015, y: 0.87}
      - {x: 6.6349998, y: 0.87}
      - {x: 6.6349998, y: 1.52}
      - {x: 7.4249997, y: 1.52}
      - {x: 7.455, y: 1.55}
      - {x: 7.455, y: 2.35}
      - {x: 7.4249997, y: 2.3799999}
      - {x: 7.375, y: 2.3799999}
      - {x: 7.345, y: 2.35}
      - {x: 7.345, y: 1.62}
      - {x: 6.6349998, y: 1.62}
      - {x: 6.6349998, y: 2.34}
      - {x: 6.605, y: 2.37}
      - {x: 6.565, y: 2.37}
      - {x: 6.535, y: 2.34}
      - {x: 6.535, y: 0.87}
      - {x: 6.145, y: 0.87}
      - {x: 6.115, y: 0.84}
      - {x: 6.115, y: 0.42999998}
      - {x: 6.145, y: 0.39999998}
      - {x: 6.535, y: 0.39999998}
      - {x: 6.535, y: -0.59999996}
      - {x: 6.145, y: -0.59999996}
      - {x: 6.115, y: -0.63}
      - {x: 6.115, y: -2.18}
      - {x: 6.145, y: -2.21}
      - {x: 6.9449997, y: -2.21}
      - {x: 6.9449997, y: -3.26}
      - {x: 6.975, y: -3.29}
      - {x: 7.015, y: -3.29}
      - {x: 7.045, y: -3.26}
      - {x: 7.045, y: -2.57}
      - {x: 8.165, y: -2.57}
      - {x: 8.165, y: -2.83}
      - {x: 7.375, y: -2.83}
      - {x: 7.345, y: -2.86}
      - {x: 7.345, y: -2.8999999}
      - {x: 7.375, y: -2.9299998}
      - {x: 8.165, y: -2.9299998}
      - {x: 8.165, y: -3.6299999}
      - {x: 8.195, y: -3.6599998}
      - {x: 8.6449995, y: -3.6599998}
      - {x: 8.675, y: -3.6299999}
      - {x: 8.675, y: -3.59}
      - {x: 8.6449995, y: -3.56}
      - {x: 8.264999, y: -3.56}
      - {x: 8.264999, y: -3.3}
      - {x: 9.005, y: -3.3}
      - {x: 9.005, y: -3.9499998}
      - {x: 8.615, y: -3.9499998}
      - {x: 8.585, y: -3.98}
      - {x: 8.585, y: -4.3199997}
      - {x: 7.455, y: -4.3199997}
      - {x: 7.455, y: -3.3}
      - {x: 7.745, y: -3.3}
      - {x: 7.745, y: -4.02}
      - {x: 7.7749996, y: -4.0499997}
      - {x: 8.235, y: -4.0499997}
      - {x: 8.264999, y: -4.02}
      - {x: 8.264999, y: -3.98}
      - {x: 8.235, y: -3.9499998}
      - {x: 7.855, y: -3.9499998}
      - {x: 7.855, y: -3.22}
      - {x: 7.825, y: -3.1899998}
      - {x: 7.375, y: -3.1899998}
      - {x: 7.345, y: -3.22}
      - {x: 7.345, y: -3.56}
      - {x: 6.565, y: -3.56}
      - {x: 6.535, y: -3.59}
      - {x: 6.535, y: -3.6299999}
      - {x: 6.565, y: -3.6599998}
      - {x: 6.9449997, y: -3.6599998}
      - {x: 6.9449997, y: -4.39}
      - {x: 6.975, y: -4.42}
      - {x: 7.015, y: -4.42}
      - {x: 7.045, y: -4.39}
      - {x: 7.045, y: -3.6599998}
      - {x: 7.345, y: -3.6599998}
      - {x: 7.345, y: -4.71}
      - {x: 6.6349998, y: -4.71}
      - {x: 6.6349998, y: -4.35}
      - {x: 6.605, y: -4.3199997}
      - {x: 6.565, y: -4.3199997}
      - {x: 6.535, y: -4.35}
      - {x: 6.535, y: -4.71}
      - {x: 5.785, y: -4.71}
      - {x: 5.785, y: -2.57}
      - {x: 6.535, y: -2.57}
      - {x: 6.535, y: -3.1899998}
      - {x: 6.2149997, y: -3.1899998}
      - {x: 6.2149997, y: -2.87}
      - {x: 6.185, y: -2.84}
      - {x: 6.145, y: -2.84}
      - {x: 6.115, y: -2.87}
      - {x: 6.115, y: -4.39}
      - {x: 6.145, y: -4.42}
      - {x: 6.185, y: -4.42}
      - {x: 6.2149997, y: -4.39}
      - {x: 6.2149997, y: -4.0499997}
      - {x: 6.605, y: -4.0499997}
      - {x: 6.6349998, y: -4.02}
      - {x: 6.6349998, y: -3.98}
      - {x: 6.605, y: -3.9499998}
      - {x: 6.2149997, y: -3.9499998}
      - {x: 6.2149997, y: -3.29}
      - {x: 6.605, y: -3.29}
      - {x: 6.6349998, y: -3.26}
      - {x: 6.6349998, y: -2.49}
      - {x: 6.605, y: -2.46}
      - {x: 5.785, y: -2.46}
      - {x: 5.785, y: 0.03}
      - {x: 6.115, y: 0.03}
      - {x: 6.115, y: -0.31}
      - {x: 6.145, y: -0.34}
      - {x: 6.185, y: -0.34}
      - {x: 6.2149997, y: -0.31}
      - {x: 6.2149997, y: 0.099999994}
      - {x: 6.185, y: 0.13}
      - {x: 5.785, y: 0.13}
      - {x: 5.785, y: 1.15}
      - {x: 6.185, y: 1.15}
      - {x: 6.2149997, y: 1.18}
      - {x: 6.2149997, y: 1.9399999}
      - {x: 6.185, y: 1.9699999}
      - {x: 6.145, y: 1.9699999}
      - {x: 6.115, y: 1.9399999}
      - {x: 6.115, y: 1.25}
      - {x: 5.785, y: 1.25}
      - {x: 5.785, y: 2.6799998}
      - {x: 6.115, y: 2.6799998}
      - {x: 6.115, y: 2.3}
      - {x: 6.145, y: 2.27}
      - {x: 6.185, y: 2.27}
      - {x: 6.2149997, y: 2.3}
      - {x: 6.2149997, y: 2.6799998}
      - {x: 6.9449997, y: 2.6799998}
      - {x: 6.9449997, y: 1.92}
      - {x: 6.975, y: 1.89}
      - {x: 7.015, y: 1.89}
      - {x: 7.045, y: 1.92}
      - {x: 7.045, y: 2.6799998}
      - {x: 7.305, y: 2.6799998}
      - {x: 7.345, y: 2.7}
      - {x: 7.325, y: 2.8}
      - {x: 7.115, y: 2.8999999}
      - {x: 6.745, y: 2.9299998}
      - {x: 6.225, y: 3.07}
      - {x: 5.7349997, y: 3.26}
      - {x: 5.555, y: 3.3799999}
      - {x: 5.315, y: 3.4099998}
      - {x: 4.895, y: 3.49}
      - {x: 4.755, y: 3.51}
      - {x: 4.395, y: 3.6699998}
      - {x: 4.275, y: 3.75}
      - {x: 4.075, y: 3.75}
      - {x: 3.705, y: 3.8999999}
      - {x: 3.435, y: 3.97}
      - {x: 3.215, y: 3.99}
      - {x: 3.115, y: 4.1}
      - {x: 2.895, y: 4.18}
      - {x: 2.745, y: 3.86}
      - {x: 2.675, y: 3.6}
      - {x: 2.715, y: 3.47}
      - {x: 2.935, y: 3.4499998}
      - {x: 2.945, y: 3.3899999}
      - {x: 3.085, y: 3.1399999}
      - {x: 3.185, y: 3.05}
      - {x: 3.2849998, y: 2.9399998}
      - {x: 3.365, y: 2.86}
      - {x: 3.7549999, y: 2.57}
      - {x: 4.015, y: 2.35}
      - {x: 4.075, y: 1.99}
      - {x: 4.065, y: 1.4399999}
      - {x: 4.105, y: 1.26}
      - {x: 4.255, y: 1.18}
      - {x: 4.525, y: 1.14}
      - {x: 4.995, y: 0.85999995}
      - {x: 5.305, y: 0.42999998}
      - {x: 5.365, y: 0.29}
      - {x: 5.4249997, y: 0.17}
      - {x: 5.4049997, y: -0.22}
      - {x: 5.495, y: -0.55}
      - {x: 5.4849997, y: -0.72999996}
      - {x: 5.475, y: -1.4499999}
      - {x: 5.4649997, y: -1.5}
      - {x: 5.4249997, y: -2}
      - {x: 5.395, y: -2.6}
      - {x: 5.325, y: -2.9299998}
      - {x: 5.315, y: -3.1899998}
      - {x: 5.1349998, y: -3.25}
      - {x: 4.975, y: -3.47}
      - {x: 4.9449997, y: -3.58}
      - {x: 4.745, y: -3.8}
      - {x: 4.495, y: -3.98}
      - {x: 4.365, y: -3.98}
      - {x: 4.245, y: -4.0099998}
      - {x: 4.035, y: -4.11}
      - {x: 3.945, y: -4.16}
      - {x: 4.015, y: -4.36}
      - {x: 4.325, y: -4.58}
      - {x: 4.585, y: -4.68}
      - {x: 4.845, y: -4.7}
      - {x: 5.025, y: -4.93}
      - {x: 5.025, y: -5.08}
      - {x: 5.165, y: -5.44}
      - {x: 5.075, y: -5.7}
      - {x: 4.9249997, y: -5.87}
      - {x: 4.805, y: -5.95}
      - {x: 4.205, y: -6.0299997}
      - {x: 3.865, y: -6.1099997}
      - {x: 3.595, y: -6.14}
      - {x: 3.075, y: -5.92}
      - {x: 2.885, y: -5.8799996}
      - {x: 2.895, y: -5.71}
      - {x: 2.995, y: -5.48}
      - {x: 3.0149999, y: -5.37}
      - {x: 3.215, y: -4.95}
      - {x: 3.3249998, y: -4.69}
      - {x: 3.445, y: -4.63}
      - {x: 3.5449998, y: -4.52}
      - {x: 3.475, y: -4.24}
      - {x: 3.425, y: -4.19}
      - {x: 3.2849998, y: -4.15}
      - {x: 3.0449998, y: -3.84}
      - {x: 3.0249999, y: -3.55}
      - {x: 2.875, y: -3.12}
      - {x: 2.675, y: -2.6299999}
      - {x: 2.605, y: -2.26}
      - {x: 2.485, y: -1.9799999}
      - {x: 2.375, y: -1.6999999}
      - {x: 2.2649999, y: -1.0799999}
      - {x: 2.365, y: -0.77}
      - {x: 2.395, y: -0.51}
      - {x: 2.455, y: 0.11}
      - {x: 2.595, y: 0.51}
      - {x: 2.845, y: 0.71999997}
      - {x: 2.975, y: 0.84}
      - {x: 3.245, y: 1.17}
      - {x: 3.425, y: 1.25}
      - {x: 3.465, y: 1.29}
      - {x: 3.405, y: 1.7199999}
      - {x: 3.3149998, y: 1.9399999}
      - {x: 3.0349998, y: 2.45}
      - {x: 2.865, y: 2.61}
      - {x: 2.565, y: 2.75}
      - {x: 2.375, y: 3.03}
      - {x: 2.225, y: 3.1799998}
      - {x: 1.985, y: 3.1499999}
      - {x: 1.305, y: 3.07}
      - {x: 0.805, y: 2.97}
      - {x: 0.645, y: 2.99}
      - {x: 0.39499998, y: 2.96}
      - {x: 0.355, y: 2.9199998}
      - {x: 0.36499998, y: 2.83}
      - {x: 0.46869394, y: 2.7402165}
      - {x: 0.7160605, y: 1.8989819}
      - {x: 0.8226725, y: 1.8596196}
      - {x: 0.8823152, y: 1.8361547}
      - {x: 0.95639855, y: 1.734322}
      - {x: 1.1107204, y: 1.6643219}
      - {x: 1.1836015, y: 1.2857202}
      - {x: 1.1478814, y: 0.8899999}
      - {x: 1.0867289, y: 0.77932227}
      - {x: 0.96644056, y: 0.74283904}
      - {x: 0.7463982, y: 0.75283897}
      - {x: 0.6749575, y: 0.87}
      - {x: 0.713517, y: 1.0914406}
      - {x: 0.913517, y: 1.27}
      - {x: 0.92211866, y: 1.4585593}
      - {x: 0.8092798, y: 1.4842373}
      - {x: 0.325, y: 1.4128392}
      - {x: 0.06783888, y: 1.4171185}
      - {x: -0.0778816, y: 1.5185595}
      - {x: -0.24072048, y: 1.5013982}
      - {x: -0.45499995, y: 1.4613982}
      - {x: -0.57848185, y: 1.3791089}
      - {x: -0.685, y: 1.39}
      - {x: -0.7283569, y: 1.3186852}
      - {x: -0.7276996, y: 1.1919718}
      - {x: -0.8236853, y: 1.04}
      - {x: -0.8523707, y: 0.72934264}
      - {x: -0.853028, y: 0.45999998}
      - {x: -0.783028, y: 0.34}
      - {x: -0.747403, y: 0.223417}
      - {x: -0.8431437, y: 0.01}
      - {x: -0.84732664, y: -0.38767356}
      - {x: -0.82072246, y: -0.69}
      - {x: -0.8241182, y: -0.861257}
      - {x: -0.7316041, y: -0.9223265}
      - {x: -0.48084068, y: -0.82252413}
      - {x: -0.22393064, y: -0.8323263}
      - {x: -0.11972642, y: -0.9452212}
      - {x: -0.13946511, y: -1.1664164}
      - {x: -0.22286126, y: -1.24}
      - {x: -0.34858966, y: -1.2669716}
      - {x: -0.4673683, y: -1.2360058}
      - {x: -0.54296696, y: -1.2086527}
      - {x: -0.6073559, y: -1.156964}
      - {x: -0.7360693, y: -1.153208}
      - {x: -0.7473264, y: -1.1955346}
      - {x: -0.74839574, y: -1.31}
      - {x: -0.705, y: -1.3533958}
      - {x: -0.52946514, y: -1.3578613}
      - {x: 0.032861266, y: -1.3523265}
      - {x: 0.112861, y: -1.2767917}
      - {x: 0.1162569, y: -1.1499999}
      - {x: 0.08286113, y: -0.72553456}
      - {x: 0.0039305063, y: -0.6776735}
      - {x: -0.4428609, y: -0.648743}
      - {x: -0.49736577, y: -0.58472335}
      - {x: -0.54267365, y: -0.39}
      - {x: -0.645, y: 0.69}
      - {x: -0.6893222, y: 1.0242796}
      - {x: -0.6336016, y: 1.1028812}
      - {x: -0.32072034, y: 1.1700424}
      - {x: 0.255, y: 1.1786016}
      - {x: 0.3282375, y: 1.0750546}
      - {x: 0.2578389, y: 0.9713983}
      - {x: -0.4033647, y: 0.9320458}
      - {x: -0.44783905, y: 0.89855933}
      - {x: -0.4363984, y: 0.46855927}
      - {x: -0.385, y: -0.07}
      - {x: -0.33286119, y: -0.32679176}
      - {x: -0.25946543, y: -0.40339595}
      - {x: 0.16499999, y: -0.3957224}
      - {x: 0.38072237, y: -0.4367918}
      - {x: 0.6083959, y: -0.35339597}
      - {x: 0.79053485, y: -0.35339597}
      - {x: 0.94713897, y: -0.4323264}
      - {x: 1.0339307, y: -0.414653}
      - {x: 1.0839305, y: -0.22999999}
      - {x: 0.9394655, y: -0.098555185}
      - {x: 0.928396, y: 0.31339574}
      - {x: 0.78053486, y: 0.39018765}
      - {x: 0.60053486, y: 0.39232662}
      - {x: 0.5758818, y: 0.26999998}
      - {x: 0.54141665, y: -0.009118228}
      - {x: 0.4984331, y: -0.080857016}
      - {x: 0.4109815, y: -0.12228308}
      - {x: 0.15034364, y: -0.15311731}
      - {x: -0.11713886, y: -0.115534805}
      - {x: -0.16713873, y: -0.021069366}
      - {x: -0.18256952, y: 0.37351385}
      - {x: -0.31924155, y: 0.53570694}
      - {x: -0.3192414, y: 0.72141373}
      - {x: -0.22442995, y: 0.8223398}
      - {x: 0.029292975, y: 0.8371207}
      - {x: 0.15353447, y: 0.7257068}
      - {x: 0.15967911, y: 0.5177767}
      - {x: 0.063534506, y: 0.38}
      - {x: 0.04306976, y: 0.1581425}
      - {x: 0.06873604, y: 0.09633992}
      - {x: 0.22499998, y: 0.0976736}
      - {x: 0.35286087, y: 0.15660404}
      - {x: 0.32646534, y: 0.44434467}
      - {x: 0.37908506, y: 0.5636225}
      - {x: 0.48641378, y: 0.6085345}
      - {x: 0.81265634, y: 0.59119284}
      - {x: 1.1278275, y: 0.5371207}
      - {x: 1.153653, y: 0.08188874}
      - {x: 1.2988259, y: -0.028374838}
      - {x: 1.2834284, y: -0.51}
      - {x: 1.2710632, y: -0.61185825}
      - {x: 1.2008861, y: -0.69822794}
      - {x: 0.90713894, y: -0.6955347}
      - {x: 0.68509436, y: -0.790758}
      - {x: 0.41374308, y: -0.69213873}
      - {x: 0.28927782, y: -0.7455346}
      - {x: 0.28374293, y: -0.84999996}
      - {x: 0.33713874, y: -0.9067918}
      - {x: 0.7518212, y: -0.9145689}
      - {x: 1.141821, y: -0.8950322}
      - {x: 1.2236099, y: -0.9977476}
      - {x: 1.242897, y: -1.8369741}
      - {x: 1.2363844, y: -2.1048713}
      - {x: 1.1989485, y: -2.2609227}
      - {x: 0.8949999, y: -2.2878969}
      - {x: 0.8012556, y: -2.36441}
      - {x: 0.6809164, y: -2.3800173}
      - {x: 0.5575644, y: -2.3539486}
      - {x: 0.4686707, y: -2.2815752}
      - {x: 0.42710274, y: -2.136974}
      - {x: 0.49910545, y: -1.9409266}
      - {x: 0.5996287, y: -1.859809}
      - {x: 0.7349999, y: -1.8741055}
      - {x: 0.80180556, y: -1.905796}
      - {x: 0.8949999, y: -2.0177476}
      - {x: 0.96228445, y: -2.02139}
      - {x: 0.9963899, y: -1.9641052}
      - {x: 0.9832111, y: -1.5631789}
      - {x: 0.9036743, y: -1.4795365}
      - {x: 0.7969035, y: -1.5462434}
      - {x: 0.789711, y: -1.6081467}
      - {x: 0.77884656, y: -1.6867201}
      - {x: 0.71186376, y: -1.7369972}
      - {x: 0.5832111, y: -1.6963576}
      - {x: 0.55353963, y: -1.5340793}
      - {x: 0.59228444, y: -1.2904631}
      - {x: 0.7295687, y: -1.268211}
      - {x: 0.90274775, y: -1.2541054}
      - {x: 0.9604955, y: -1.23}
      - {x: 0.94228435, y: -1.1317888}
      - {x: 0.6665829, y: -1.1286101}
      - {x: 0.39453655, y: -1.1749678}
      - {x: 0.36314663, y: -1.22}
      - {x: 0.36361006, y: -1.42}
      - {x: 0.34451237, y: -1.5356716}
      - {x: 0.25817883, y: -1.5913256}
      - {x: 0.06182121, y: -1.5790733}
      - {x: 0.023609918, y: -1.6227157}
      - {x: 0.023146644, y: -1.6999999}
      - {x: 0.042683415, y: -1.8109266}
      - {x: 0.27848715, y: -1.9281541}
      - {x: 0.3233586, y: -2.0369742}
      - {x: 0.3028971, y: -2.3369744}
      - {x: 0.3063843, y: -2.5521028}
      - {x: 0.37289718, y: -2.6055899}
      - {x: 0.88197416, y: -2.6316411}
      - {x: 0.99289703, y: -2.802564}
      - {x: 1.0174589, y: -3.3816938}
      - {x: 1.0708709, y: -3.6052773}
      - {x: 1.0599176, y: -3.7716937}
      - {x: 1.1545154, y: -3.9003875}
      - {x: 1.1623412, y: -4.071244}
      - {x: 1.0891527, y: -4.1624584}
      - {x: 0.9846206, y: -4.223228}
      - {x: 0.8459294, y: -4.202459}
      - {x: 0.6942351, y: -4.1190705}
      - {x: 0.28084692, y: -4.1490703}
      - {x: 0.22652951, y: -4.301529}
      - {x: 0.028223611, y: -4.357541}
      - {x: 0.013305791, y: -4.4809284}
      - {x: 0.015, y: -4.5499997}
      - {x: 0.055, y: -4.64}
      - {x: 0.105, y: -4.7}
      - {x: 0.265, y: -4.77}
      - {x: 0.505, y: -4.7999997}
      - {x: 0.625, y: -4.88}
      - {x: 1.175, y: -5.0099998}
      - {x: 1.265, y: -5.21}
      - {x: 1.265, y: -5.6299996}
      - {x: 1.2149999, y: -5.72}
      - {x: 0.97499996, y: -5.87}
      - {x: 0.305, y: -6.04}
      - {x: -0.295, y: -6}
      - {x: -0.78499997, y: -5.8399997}
      - {x: -0.835, y: -5.69}
      - {x: -1.055, y: -5.41}
      - {x: -1.055, y: -5.3399997}
      - {x: -0.875, y: -5.08}
      - {x: -0.875, y: -4.99}
      - {x: -0.575, y: -4.91}
      - {x: -0.465, y: -4.8199997}
      - {x: -0.415, y: -4.69}
      - {x: -0.375, y: -4.58}
      - {x: -0.40898833, y: -4.44}
      - {x: -0.58467096, y: -4.319235}
      - {x: -0.6665296, y: -4.2007647}
      - {x: -0.94330597, y: -4.1315293}
      - {x: -1.0083586, y: -3.5483394}
      - {x: -0.9641889, y: -3.4108489}
      - {x: -1.0058491, y: -3.2191508}
      - {x: -0.915849, y: -2.9991512}
      - {x: -0.7326424, y: -2.9523957}
      - {x: -0.56771374, y: -3.0190356}
      - {x: -0.5199809, y: -3.1524713}
      - {x: -0.58015543, y: -3.293072}
      - {x: -0.7041508, y: -3.4083395}
      - {x: -0.70747143, y: -3.85}
      - {x: -0.62913185, y: -3.9133203}
      - {x: -0.5249241, y: -3.8732824}
      - {x: -0.43581122, y: -3.8891506}
      - {x: -0.027433641, y: -3.8741314}
      - {x: 0.18916993, y: -3.9191506}
      - {x: 0.580944, y: -3.875792}
      - {x: 0.7383585, y: -3.8166032}
      - {x: 0.80913186, y: -3.699151}
      - {x: 0.8083207, y: -3.5899997}
      - {x: 0.794151, y: -3.21}
      - {x: 0.74747145, y: -2.9233205}
      - {x: 0.62249064, y: -2.8266792}
      - {x: 0.405, y: -2.8391886}
      - {x: 0.34669825, y: -2.8741696}
      - {x: 0.35068256, y: -3.0175412}
      - {x: 0.43991792, y: -3.107541}
      - {x: 0.47087178, y: -3.216394}
      - {x: 0.4538106, y: -3.3848162}
      - {x: 0.3959294, y: -3.427212}
      - {x: 0.36991772, y: -3.5724587}
      - {x: 0.35987586, y: -3.7541125}
      - {x: 0.2783882, y: -3.7949176}
      - {x: -0.050846934, y: -3.7707646}
      - {x: -0.16499999, y: -3.7724588}
      - {x: -0.2396609, y: -3.7200341}
      - {x: -0.2840706, y: -3.5983057}
      - {x: -0.29991773, y: -3.4299998}
      - {x: -0.36237666, y: -3.270929}
      - {x: -0.36822358, y: -3.0416942}
      - {x: -0.29237664, y: -2.9192348}
      - {x: -0.1574821, y: -2.9056828}
      - {x: -0.12347027, y: -3.028306}
      - {x: -0.09453858, y: -3.1242056}
      - {x: 0.03453858, y: -3.1286156}
      - {x: 0.08664149, y: -3.073487}
      - {x: 0.057102792, y: -2.52}
      - {x: 0.053615686, y: -2.167897}
      - {x: -0.0145384865, y: -2.0883586}
      - {x: -0.09802572, y: -2.0948713}
      - {x: -0.11664138, y: -2.1504612}
      - {x: -0.14058994, y: -2.646974}
      - {x: -0.18269286, y: -2.753487}
      - {x: -0.4984871, y: -2.7613842}
      - {x: -1.0424356, y: -2.7913842}
      - {x: -1.1716543, y: -2.7718093}
      - {x: -1.200843, y: -2.723137}
      - {x: -1.210019, y: -2.3283393}
      - {x: -1.1917171, y: -2.0625093}
      - {x: -0.9291318, y: -1.9999619}
      - {x: -0.7349999, y: -1.8983016}
      - {x: -0.549981, y: -1.9433205}
      - {x: -0.5028463, y: -2.0518322}
      - {x: -0.49164143, y: -2.23}
      - {x: -0.5365406, y: -2.3008044}
      - {x: -0.64579344, y: -2.346602}
      - {x: -0.8117171, y: -2.340849}
      - {x: -0.91499996, y: -2.2233584}
      - {x: -0.97499996, y: -2.2375283}
      - {x: -1.0099809, y: -2.290849}
      - {x: -0.9916413, y: -2.51}
      - {x: -0.9333396, y: -2.5483017}
      - {x: -0.47673628, y: -2.52}
      - {x: -0.3700189, y: -2.47}
      - {x: -0.36043116, y: -2.00139}
      - {x: -0.326303, y: -1.9005985}
      - {x: -0.19267353, y: -1.8055345}
      - {x: -0.19713879, y: -1.63}
      - {x: -0.24267359, y: -1.5976734}
      - {x: -0.7984253, y: -1.5920353}
      - {x: -0.9860697, y: -1.5132082}
      - {x: -1.0548009, y: -1.43481}
      - {x: -1.0782081, y: -1.3176734}
      - {x: -1.0816431, y: -0.53999996}
      - {x: -1.1052419, y: -0.11039795}
      - {x: -1.0816431, y: 0.0153286895}
      - {x: -1.198728, y: 0.07341405}
      - {x: -1.2582867, y: 0.18598601}
      - {x: -1.1776294, y: 0.39868522}
      - {x: -1.1223007, y: 0.51}
      - {x: -1.1012157, y: 1.1953866}
      - {x: -1.0316432, y: 1.3}
      - {x: -0.98295814, y: 1.5126992}
      - {x: -0.86099255, y: 1.6128912}
      - {x: -0.73098606, y: 1.6766434}
      - {x: -0.28967118, y: 1.7366433}
      - {x: -0.040328562, y: 1.7792586}
      - {x: 0.12923709, y: 1.8657204}
      - {x: 0.2063985, y: 1.93}
      - {x: 0.22211872, y: 1.9942796}
      - {x: 0.15804487, y: 2.123261}
      - {x: 0.05456712, y: 2.5332613}
      - {x: -0.024999999, y: 2.95}
      - {x: -0.095, y: 3.01}
      - {x: -0.415, y: 3}
      - {x: -0.545, y: 3.07}
      - {x: -0.72499996, y: 3.09}
      - {x: -1.045, y: 3.1799998}
      - {x: -1.2049999, y: 3.23}
      - {x: -1.265, y: 3.1399999}
      - {x: -1.255, y: 2.99}
      - {x: -1.3349999, y: 2.49}
      - {x: -1.625, y: 2.32}
      - {x: -1.7049999, y: 2.22}
      - {x: -2.0249999, y: 2}
      - {x: -2.195, y: 1.89}
      - {x: -2.465, y: 1.8399999}
      - {x: -2.645, y: 1.8399999}
      - {x: -2.7949998, y: 1.91}
      - {x: -3.0149999, y: 2.01}
      - {x: -3.125, y: 2.1599998}
      - {x: -3.115, y: 2.34}
      - {x: -3.155, y: 2.45}
      - {x: -2.995, y: 2.6299999}
      - {x: -2.825, y: 2.7}
      - {x: -2.2849998, y: 2.7}
      - {x: -2.175, y: 2.73}
      - {x: -2.0149999, y: 2.81}
      - {x: -1.8349999, y: 2.95}
      - {x: -1.6949999, y: 3.1899998}
      - {x: -1.6949999, y: 3.26}
      - {x: -1.785, y: 3.33}
      - {x: -2.055, y: 3.36}
      - {x: -2.385, y: 3.4499998}
      - {x: -2.745, y: 3.4299998}
      - {x: -2.985, y: 3.23}
      - {x: -3.5549998, y: 2.8999999}
      - {x: -3.625, y: 2.85}
      - {x: -3.7549999, y: 2.69}
      - {x: -3.925, y: 2.6299999}
      - {x: -4.2149997, y: 2.48}
      - {x: -4.525, y: 2.45}
      - {x: -4.665, y: 2.37}
      - {x: -4.645, y: 2.19}
      - {x: -4.595, y: 2.1}
      - {x: -4.415, y: 1.99}
      - {x: -4.165, y: 1.9799999}
      - {x: -3.975, y: 1.8199999}
      - {x: -3.615, y: 1.7199999}
      - {x: -3.435, y: 1.5899999}
      - {x: -3.195, y: 1.4499999}
      - {x: -3.145, y: 1.36}
      - {x: -3.205, y: 0.64}
      - {x: -3.415, y: 0.32}
      - {x: -3.665, y: 0.24}
      - {x: -3.7549999, y: 0.14999999}
      - {x: -3.7549999, y: -0.049999997}
      - {x: -3.705, y: -0.17999999}
      - {x: -3.5549998, y: -0.32999998}
      - {x: -3.455, y: -0.39999998}
      - {x: -3.2749999, y: -0.51}
      - {x: -2.895, y: -0.56}
      - {x: -2.745, y: -0.64}
      - {x: -2.415, y: -0.78999996}
      - {x: -2.305, y: -0.97999996}
      - {x: -2.235, y: -1.26}
      - {x: -2.2549999, y: -1.5699999}
      - {x: -2.415, y: -2.23}
      - {x: -2.435, y: -2.35}
      - {x: -2.595, y: -2.57}
      - {x: -2.7849998, y: -2.79}
      - {x: -2.825, y: -2.97}
      - {x: -2.8149998, y: -3.4299998}
      - {x: -2.7649999, y: -3.55}
      - {x: -2.705, y: -3.6499999}
      - {x: -2.445, y: -3.8999999}
      - {x: -2.345, y: -4.08}
      - {x: -2.5449998, y: -4.64}
      - {x: -2.625, y: -4.75}
      - {x: -2.7749999, y: -4.7799997}
      - {x: -3.075, y: -4.93}
      - {x: -3.225, y: -4.92}
      - {x: -3.625, y: -5.04}
      - {x: -3.845, y: -5.0899997}
      - {x: -3.995, y: -5.04}
      - {x: -4.165, y: -5.0299997}
      - {x: -4.2149997, y: -5.06}
      - {x: -4.525, y: -5.38}
      - {x: -4.665, y: -5.64}
      - {x: -4.9849997, y: -5.75}
      - {x: -5.325, y: -5.71}
      - {x: -5.505, y: -5.62}
      - {x: -5.615, y: -5.5899997}
      - {x: -5.765, y: -5.41}
      - {x: -5.785, y: -5.1099997}
      - {x: -5.585, y: -4.83}
      - {x: -5.4649997, y: -4.72}
      - {x: -4.915, y: -4.75}
      - {x: -4.7149997, y: -4.77}
      - {x: -4.4649997, y: -4.77}
      - {x: -4.3849998, y: -4.73}
      - {x: -4.305, y: -4.64}
      - {x: -4.305, y: -4.5499997}
      - {x: -4.315, y: -4.33}
      - {x: -4.165, y: -3.99}
      - {x: -3.645, y: -3.9199998}
      - {x: -3.5249999, y: -3.81}
      - {x: -3.445, y: -3.6599998}
      - {x: -3.355, y: -3.3799999}
      - {x: -3.3249998, y: -3.1999998}
      - {x: -3.355, y: -2.98}
      - {x: -3.495, y: -2.9099998}
      - {x: -4.145, y: -2.77}
      - {x: -4.435, y: -2.54}
      - {x: -4.475, y: -2.27}
      - {x: -4.475, y: -1.5}
      - {x: -4.455, y: -1.43}
      - {x: -4.435, y: -1.29}
      - {x: -4.3849998, y: -0.97999996}
      - {x: -4.275, y: -0.74}
      - {x: -4.255, y: -0.65999997}
      - {x: -4.265, y: -0.29}
      - {x: -4.3849998, y: -0.19}
      - {x: -4.515, y: -0.21}
      - {x: -5.065, y: -0.29999998}
      - {x: -5.335, y: -0.14}
      - {x: -5.4249997, y: 0.049999997}
      - {x: -5.4849997, y: 0.31}
      - {x: -5.4649997, y: 0.68}
      - {x: -5.435, y: 1.1999999}
      - {x: -5.455, y: 1.28}
      - {x: -5.525, y: 1.8}
      - {x: -5.575, y: 1.9399999}
      - {x: -5.6349998, y: 1.99}
      - {x: -5.805, y: 1.99}
      - {x: -5.9249997, y: 1.9799999}
      - {x: -6.125, y: 1.8299999}
      - {x: -6.2549996, y: 1.68}
      - {x: -6.305, y: 1.4399999}
      - {x: -6.245, y: 1.27}
      - {x: -6.2149997, y: 1.01}
      - {x: -6.075, y: 0.82}
      - {x: -5.9649997, y: 0.63}
      - {x: -5.9449997, y: 0.28}
      - {x: -6.015, y: 0.21}
      - {x: -6.045, y: 0.13}
      - {x: -6.1749997, y: -0.16}
      - {x: -6.305, y: -0.26}
      - {x: -6.375, y: -0.34}
      - {x: -6.4849997, y: -0.47}
      - {x: -6.815, y: -0.58}
      - {x: -7.035, y: -0.52}
      - {x: -7.145, y: -0.52}
      - {x: -7.2949996, y: -0.66999996}
      - {x: -7.355, y: -0.77}
      - {x: -7.4049997, y: -0.97999996}
      - {x: -7.575, y: -1.17}
      - {x: -7.625, y: -1.28}
      - {x: -7.605, y: -1.49}
      - {x: -7.475, y: -1.5999999}
      - {x: -6.835, y: -1.5}
      - {x: -6.665, y: -1.5}
      - {x: -6.3849998, y: -1.5899999}
      - {x: -6.0049996, y: -1.5899999}
      - {x: -5.9449997, y: -1.6999999}
      - {x: -5.9649997, y: -2.18}
      - {x: -5.8849998, y: -2.4099998}
      - {x: -5.805, y: -2.8799999}
      - {x: -5.825, y: -3.1499999}
      - {x: -5.7149997, y: -3.3899999}
      - {x: -5.6349998, y: -3.6999998}
      - {x: -5.525, y: -4.14}
      - {x: -5.6749997, y: -4.15}
      - {x: -5.8849998, y: -4.21}
      - {x: -6.2549996, y: -4.21}
      - {x: -6.625, y: -4.25}
      - {x: -6.9249997, y: -4.349449}
      - {x: -7.009496, y: -4.42789}
      - {x: -7.0173855, y: -4.7802753}
      - {x: -6.969496, y: -4.8721104}
      - {x: -6.8573856, y: -4.9484406}
      - {x: -6.5934405, y: -5.0681653}
      - {x: -6.567385, y: -5.3394485}
      - {x: -6.7752757, y: -5.6257796}
      - {x: -6.953165, y: -5.685504}
      - {x: -7.625, y: -5.759449}
      - {x: -7.8971095, y: -5.695504}
      - {x: -7.9665585, y: -5.503945}
      - {x: -8.074449, y: -5.3578897}
      - {x: -8.042614, y: -5.0426607}
      - {x: -7.908944, y: -4.9423857}
      - {x: -7.501055, y: -4.878441}
      - {x: -7.3505044, y: -4.7484407}
      - {x: -7.2983932, y: -4.61422}
      - {x: -7.308669, y: -4.481559}
      - {x: -7.3907795, y: -4.4115596}
      - {x: -7.665, y: -4.35}
      - {x: -8.095, y: -4.48}
      - {x: -8.405, y: -4.47}
      - {x: -8.6449995, y: -4.52}
      - {x: -8.865, y: -4.5}
      - {x: -8.985, y: -4.46}
      - {x: -8.955, y: -4.35}
      - {x: -8.995, y: -4.0299997}
      - {x: -9.065, y: -3.9099998}
      - {x: -9.085, y: -3.6}
      - {x: -9.005, y: -3.1399999}
      - {x: -9.054999, y: -2.6}
      - {x: -9.115, y: -2.32}
      - {x: -9.165, y: -2.1399999}
      - {x: -9.125, y: -1.9799999}
      - {x: -9.025, y: -1.81}
      - {x: -8.815, y: -1.6899999}
      - {x: -8.615, y: -1.61}
      - {x: -8.224999, y: -1.5899999}
      - {x: -8.045, y: -1.55}
      - {x: -7.995, y: -1.48}
      - {x: -8.005, y: -1.0699999}
      - {x: -8.075, y: -0.85999995}
      - {x: -8.1449995, y: -0.58}
      - {x: -8.215, y: -0.45999998}
      - {x: -8.545, y: -0.35999998}
      - {x: -8.615, y: -0.17}
      - {x: -8.684999, y: -0.03}
      - {x: -8.684999, y: 0.13}
      - {x: -8.705, y: 0.45999998}
      - {x: -8.745, y: 0.71}
      - {x: -8.715, y: 0.77}
      - {x: -8.684999, y: 1.0799999}
      - {x: -8.345, y: 1.4}
      - {x: -8.1449995, y: 1.5}
      - {x: -7.605, y: 1.61}
      - {x: -7.455, y: 1.7099999}
      - {x: -7.2349997, y: 1.86}
      - {x: -7.105, y: 1.9599999}
      - {x: -6.875, y: 1.9699999}
      - {x: -6.6949997, y: 2.1499999}
      - {x: -6.605, y: 2.45}
      - {x: -6.6949997, y: 2.56}
      - {x: -6.745, y: 2.59}
      - {x: -7.095, y: 2.6399999}
      - {x: -7.2549996, y: 2.62}
      - {x: -7.4249997, y: 2.57}
      - {x: -7.845, y: 2.59}
      - {x: -7.915, y: 2.54}
      - {x: -8.175, y: 2.6599998}
      - {x: -8.224999, y: 2.71}
      - {x: -8.684999, y: 2.87}
      - {x: -8.795, y: 2.95}
      - {x: -8.985, y: 3.1699998}
      - {x: -9.175, y: 3.33}
      - {x: -9.125, y: 3.48}
      - {x: -9.125, y: 3.9599998}
      - {x: -8.995, y: 4.2799997}
      - {x: -8.8949995, y: 4.2999997}
      - {x: -8.845, y: 4.38}
      - {x: -8.795, y: 4.56}
      - {x: -8.785, y: 4.66}
      - {x: -8.615, y: 4.7799997}
      - {x: -8.485, y: 4.81}
      - {x: -8.235, y: 4.91}
      - {x: -7.855, y: 4.9}
      - {x: -7.6549997, y: 4.96}
      - {x: -7.285, y: 4.97}
      - {x: -7.055, y: 4.83}
      - {x: -6.975, y: 4.81}
      - {x: -6.645, y: 4.83}
      - {x: -6.455, y: 4.66}
      - {x: -6.355, y: 4.46}
      - {x: -6.115, y: 4.29}
      - {x: -6.055, y: 4.15}
      - {x: -6.065, y: 3.8999999}
      - {x: -6.0049996, y: 3.6}
      - {x: -6.035, y: 3.47}
      - {x: -5.9849997, y: 3.1899998}
      - {x: -5.875, y: 3.11}
      - {x: -5.6949997, y: 3.12}
      - {x: -5.2149997, y: 3.36}
      - {x: -4.795, y: 3.3799999}
      - {x: -4.435, y: 3.48}
      - {x: -4.125, y: 3.6299999}
      - {x: -4.015, y: 3.76}
      - {x: -4.005, y: 3.86}
      - {x: -4.1349998, y: 4.0699997}
      - {x: -4.115, y: 4.29}
      - {x: -4.145, y: 4.7599998}
      - {x: -4.125, y: 4.85}
      - {x: -3.935, y: 5.27}
      - {x: -3.885, y: 5.4}
      - {x: -3.715, y: 5.5899997}
      - {x: -3.605, y: 5.5899997}
      - {x: -3.345, y: 5.68}
      - {x: -3.115, y: 5.7799997}
      - {x: -2.945, y: 5.87}
      - {x: -2.5149999, y: 6.14}
      - {x: -2.5149999, y: 6.15}
      - {x: -1.385, y: 6.15}
      - {x: -1.3349999, y: 6.12}
      - {x: -1.255, y: 6.1}
      - {x: -0.84499997, y: 6.1099997}
      - {x: -0.685, y: 6.1299996}
      - {x: -0.635, y: 6.14}
      - {x: -0.285, y: 6.16}
      - {x: -0.13499999, y: 6.1299996}
      - {x: 0.24499999, y: 6.15}
      - {x: 0.49499997, y: 6.2}
      - {x: 0.745, y: 6.12}
      - {x: 1.105, y: 6.0899997}
      - {x: 2.075, y: 6.06}
      - {x: 2.215, y: 6.0099998}
      - {x: 2.2749999, y: 5.91}
      - {x: 2.635, y: 5.5499997}
      - {x: 2.865, y: 4.92}
      - {x: 2.855, y: 4.5899997}
      - {x: 2.895, y: 4.52}
      - {x: 2.935, y: 4.47}
      - {x: 3.205, y: 4.38}
      - {x: 3.3149998, y: 4.31}
      - {x: 3.365, y: 4.29}
      - {x: 3.8149998, y: 4.21}
      - {x: 4.005, y: 4.19}
      - {x: 4.105, y: 4.22}
      - {x: 4.205, y: 4.33}
      - {x: 4.1349998, y: 4.67}
      - {x: 3.985, y: 4.94}
      - {x: 3.995, y: 5.27}
      - {x: 4.075, y: 5.35}
      - {x: 4.1949997, y: 5.64}
      - {x: 4.455, y: 5.7999997}
      - {x: 4.6949997, y: 5.95}
      - {x: 4.825, y: 5.95}
      - {x: 5.185, y: 6.0299997}
      - {x: 5.595, y: 6.02}
      - {x: 5.815, y: 5.97}
      - {x: 6.055, y: 5.89}
      - {x: 6.225, y: 5.9}
      - {x: 6.375, y: 5.97}
      - {x: 6.625, y: 6.1299996}
      - {x: 6.825, y: 6.19}
      - {x: 6.9649997, y: 6.27}
      - {x: 7.125, y: 6.2599998}
      - {x: 7.585, y: 6.2799997}
      - {x: 7.875, y: 6.3199997}
      - {x: 8.885, y: 6.2}
      - {x: 9.085, y: 5.99}
      - {x: 9.195, y: 5.71}
      - {x: 9.235, y: 5.42}
      - {x: 9.105, y: 5.13}
      - {x: 9.105, y: 4.93}
      - {x: 9.025, y: 4.74}
      - {x: 8.915, y: 4.63}
      - {x: 8.764999, y: 4.65}
      - {x: 7.595, y: 4.63}
      - {x: 7.2349997, y: 4.85}
      - {x: 7.1349998, y: 5.1099997}
      - {x: 7.015, y: 5.2799997}
      - {x: 6.955, y: 5.5099998}
      - {x: 6.875, y: 5.6099997}
      - {x: 6.765, y: 5.66}
      - {x: 6.615, y: 5.65}
      - {x: 6.5049996, y: 5.62}
      - {x: 6.435, y: 5.5699997}
      - {x: 6.435, y: 5.44}
      - {x: 6.4649997, y: 5.37}
      - {x: 6.555, y: 5.27}
      - {x: 6.5249996, y: 4.91}
      - {x: 6.475, y: 4.64}
      - {x: 6.325, y: 4.37}
      - {x: 6.245, y: 4.3399997}
      - {x: 5.935, y: 4.25}
      - {x: 5.795, y: 4.2599998}
      - {x: 5.415, y: 4.42}
      - {x: 5.065, y: 4.41}
      - {x: 4.765, y: 4.33}
      - {x: 4.665, y: 4.25}
      - {x: 4.605, y: 4.0499997}
      - {x: 4.6949997, y: 3.98}
      - {x: 4.9649997, y: 3.9199998}
      - {x: 5.375, y: 3.8}
      - {x: 5.515, y: 3.77}
      - {x: 5.775, y: 3.77}
      - {x: 6.7349997, y: 3.55}
      - {x: 6.9249997, y: 3.53}
      - {x: 7.2749996, y: 3.35}
      - {x: 7.5249996, y: 3.1399999}
      - {x: 7.6349998, y: 3.05}
      - {x: 7.7349997, y: 2.7}
      - {x: 7.7749996, y: 2.6799998}
      - {x: 8.585, y: 2.6799998}
      - {x: 8.585, y: 1.62}
      - {x: 8.195, y: 1.62}
      - {x: 8.165, y: 1.5899999}
      - {x: 8.165, y: 1.18}
      - {x: 8.195, y: 1.15}
      - {x: 8.235, y: 1.15}
      - {x: 8.264999, y: 1.18}
      - {x: 8.264999, y: 1.52}
      - {x: 9.005, y: 1.52}
      - {x: 9.005, y: 1.25}
      - {x: 8.615, y: 1.25}
      - {x: 8.585, y: 1.22}
      - {x: 8.585, y: 1.18}
      - {x: 8.615, y: 1.15}
      - {x: 9.085, y: 1.15}
      - {x: 9.115, y: 1.18}
      - {x: 9.115, y: 1.5899999}
      - {x: 9.085, y: 1.62}
      - {x: 8.684999, y: 1.62}
      - {x: 8.684999, y: 2.6799998}
      - {x: 9.425, y: 2.6799998}
      - {x: 9.425, y: 2.01}
      - {x: 9.115, y: 2.01}
      - {x: 9.115, y: 2.33}
      - {x: 9.085, y: 2.36}
      - {x: 9.035, y: 2.36}
      - {x: 9.005, y: 2.33}
      - {x: 9.005, y: 1.93}
      - {x: 9.035, y: 1.9}
      - {x: 9.425, y: 1.9}
      - {x: 9.425, y: 0.87}
      - {x: 8.615, y: 0.87}
      - {x: 8.585, y: 0.84}
      - {x: 8.585, y: 0.79999995}
      - {x: 8.615, y: 0.77}
      - {x: 9.425, y: 0.77}
      - {x: 9.425, y: -0.59999996}
      - {x: 9.035, y: -0.59999996}
      - {x: 9.005, y: -0.63}
      - {x: 9.005, y: -0.97999996}
      - {x: 8.615, y: -0.97999996}
      - {x: 8.585, y: -1.01}
      - {x: 8.585, y: -1.35}
      - {x: 6.975, y: -1.35}
      - {x: 6.9449997, y: -1.38}
      - {x: 6.9449997, y: -1.42}
      - {x: 6.975, y: -1.4499999}
      - {x: 8.655, y: -1.4499999}
      - {x: 8.684999, y: -1.42}
      - {x: 8.684999, y: -1.0799999}
      - {x: 9.085, y: -1.0799999}
      - {x: 9.115, y: -1.05}
      - {x: 9.115, y: -0.7}
      - {x: 9.425, y: -0.7}
      - {x: 9.425, y: -1.35}
      - {x: 9.035, y: -1.35}
      - {x: 9.005, y: -1.38}
      - {x: 9.005, y: -1.42}
      - {x: 9.035, y: -1.4499999}
      - {x: 9.425, y: -1.4499999}
      - {x: 9.425, y: -1.7199999}
      - {x: 8.615, y: -1.7199999}
      - {x: 8.585, y: -1.75}
      - {x: 8.585, y: -2.11}
      - {x: 8.264999, y: -2.11}
      - {x: 8.264999, y: -1.75}
      - {x: 8.235, y: -1.7199999}
      - {x: 6.6349998, y: -1.7199999}
      - {x: 6.6349998, y: -1.0799999}
      - {x: 8.235, y: -1.0799999}
      - {x: 8.264999, y: -1.05}
      - {x: 8.264999, y: -0.7}
      - {x: 8.655, y: -0.7}
      - {x: 8.684999, y: -0.66999996}
      - {x: 8.684999, y: -0.32999998}
      - {x: 9.085, y: -0.32999998}
      - {x: 9.115, y: -0.29999998}
      - {x: 9.115, y: 0.48}
      - {x: 9.085, y: 0.51}
      - {x: 9.035, y: 0.51}
      - {x: 9.005, y: 0.48}
      - {x: 9.005, y: -0.22}
      - {x: 8.615, y: -0.22}
      - {x: 8.585, y: -0.25}
      - {x: 8.585, y: -0.59999996}
      - {x: 8.195, y: -0.59999996}
      - {x: 8.165, y: -0.63}
      - {x: 8.165, y: -0.97999996}
      - {x: 6.565, y: -0.97999996}
      - {x: 6.535, y: -1.01}
      - {x: 6.535, y: -1.79}
      - {x: 6.565, y: -1.8199999}
      - {x: 7.345, y: -1.8199999}
      - {x: 7.345, y: -2.1599998}
      - {x: 7.375, y: -2.19}
      - {x: 7.4249997, y: -2.19}
      - {x: 7.455, y: -2.1599998}
      - {x: 7.455, y: -1.8199999}
      - {x: 8.165, y: -1.8199999}
      - {x: 8.165, y: -2.18}
      - {x: 8.195, y: -2.21}
      - {x: 8.655, y: -2.21}
      - {x: 8.684999, y: -2.18}
      - {x: 8.684999, y: -1.8199999}
      - {x: 9.425, y: -1.8199999}
      - {x: 9.425, y: -2.83}
      - {x: 9.115, y: -2.83}
      - {x: 9.115, y: -2.12}
      - {x: 9.085, y: -2.09}
      - {x: 9.035, y: -2.09}
      - {x: 9.005, y: -2.12}
      - {x: 9.005, y: -2.83}
      - {x: 8.615, y: -2.83}
      - {x: 8.585, y: -2.86}
      - {x: 8.585, y: -2.8999999}
      - {x: 8.615, y: -2.9299998}
      - {x: 9.425, y: -2.9299998}
      - {x: 9.425, y: -4.71}
      - {x: 9.115, y: -4.71}
      - {x: 9.115, y: -4.35}
      - {x: 9.085, y: -4.3199997}
      - {x: 9.035, y: -4.3199997}
      - {x: 9.005, y: -4.35}
      - {x: 9.005, y: -4.71}
      - {x: 7.855, y: -4.71}
      - {x: 7.805, y: -4.74}
      - {x: 7.815, y: -4.96}
      - {x: 7.935, y: -5.0299997}
      - {x: 8.235, y: -5.13}
      - {x: 8.345, y: -5.27}
      - {x: 8.355, y: -5.5}
      - {x: 8.405, y: -5.77}
      - {x: 8.304999, y: -6.08}
      - {x: 8.005, y: -6.24}
      - {x: 7.495, y: -6.2599998}
      - {x: 6.865, y: -6.2799997}
    - - {x: -0.050589964, y: -3.3609228}
      - {x: -0.064538576, y: -3.5395381}
      - {x: -0.023764918, y: -3.568586}
      - {x: 0.10756431, y: -3.5690768}
      - {x: 0.16407718, y: -3.5365126}
      - {x: 0.1675643, y: -3.4732296}
      - {x: 0.016641472, y: -3.350461}
--- !u!60 &60365167869594712
PolygonCollider2D:
  m_ObjectHideFlags: 1
  m_PrefabParentObject: {fileID: 0}
  m_PrefabInternal: {fileID: 100100000}
  m_GameObject: {fileID: 1174999264382818}
  m_Enabled: 1
  m_Density: 1
  m_Material: {fileID: 0}
  m_IsTrigger: 1
  m_UsedByEffector: 0
  m_UsedByComposite: 0
  m_Offset: {x: 0, y: 0}
  m_SpriteTilingProperty:
    border: {x: 0, y: 0, z: 0, w: 0}
    pivot: {x: 0, y: 0}
    oldSize: {x: 0, y: 0}
    newSize: {x: 0, y: 0}
    adaptiveTilingThreshold: 0
    drawMode: 0
    adaptiveTiling: 0
  m_AutoTiling: 0
  m_Points:
    m_Paths:
    - - {x: 0.5174308, y: -0.51811624}
      - {x: 0.5188947, y: -0.29102767}
      - {x: 0.5127878, y: 0.31759787}
      - {x: 0.31649756, y: 0.5282283}
      - {x: 0.13023782, y: 0.659817}
      - {x: -0.09834385, y: 0.8563967}
      - {x: -0.25654507, y: 0.9428258}
      - {x: -0.35669637, y: 1.0820043}
      - {x: -0.3987, y: 1.1019535}
      - {x: -0.6450429, y: 1.5066836}
      - {x: -0.71762013, y: 1.5285861}
      - {x: -0.82530737, y: 1.5312743}
      - {x: -0.8680239, y: 1.5859277}
      - {x: -1.3675735, y: 1.1926553}
      - {x: -1.2279832, y: 1.0635736}
      - {x: -1.1436298, y: 0.89350677}
      - {x: -1.0215397, y: 0.7554281}
      - {x: -0.81261635, y: 0.6689153}
      - {x: -0.56053686, y: 0.46388912}
      - {x: -0.46190476, y: 0.2369771}
      - {x: -0.38436317, y: 0.13807678}
      - {x: -0.2885344, y: -0.028954625}
      - {x: -0.2712388, y: -0.13152194}
      - {x: -0.18445706, y: -0.31326962}
      - {x: -0.17423534, y: -0.46956038}
      - {x: -0.1401465, y: -0.66888034}
      - {x: 0.56568146, y: -0.70307994}
--- !u!60 &60480157763475562
PolygonCollider2D:
  m_ObjectHideFlags: 1
  m_PrefabParentObject: {fileID: 0}
  m_PrefabInternal: {fileID: 100100000}
  m_GameObject: {fileID: 1621419400225234}
  m_Enabled: 1
  m_Density: 1
  m_Material: {fileID: 0}
  m_IsTrigger: 1
  m_UsedByEffector: 0
  m_UsedByComposite: 0
  m_Offset: {x: 0, y: 0}
  m_SpriteTilingProperty:
    border: {x: 0, y: 0, z: 0, w: 0}
    pivot: {x: 0, y: 0}
    oldSize: {x: 0, y: 0}
    newSize: {x: 0, y: 0}
    adaptiveTilingThreshold: 0
    drawMode: 0
    adaptiveTiling: 0
  m_AutoTiling: 0
  m_Points:
    m_Paths:
    - - {x: 1.253428, y: 0.7493334}
      - {x: 1.0508107, y: 0.80194384}
      - {x: 0.8513649, y: 0.8441444}
      - {x: 0.6306274, y: 0.8980225}
      - {x: 0.47330493, y: 0.94030654}
      - {x: 0.40608516, y: 0.9459039}
      - {x: 0.18934591, y: 0.9758557}
      - {x: 0.08696607, y: 0.96601856}
      - {x: -0.08442786, y: 0.98582375}
      - {x: -0.19039305, y: 1.0368191}
      - {x: -0.3196665, y: 1.0605036}
      - {x: -0.4363691, y: 1.1061829}
      - {x: -0.70937324, y: 1.1598905}
      - {x: -0.74919915, y: 1.160097}
      - {x: -0.8183482, y: 1.1961637}
      - {x: -0.84463197, y: 1.2011456}
      - {x: -0.860864, y: 1.229661}
      - {x: -1.1815801, y: 0.8471015}
      - {x: -1.1004385, y: 0.7887371}
      - {x: -1.0281318, y: 0.7501784}
      - {x: -0.9396595, y: 0.70939445}
      - {x: -0.8265436, y: 0.6736736}
      - {x: -0.648967, y: 0.6421108}
      - {x: -0.34237444, y: 0.5671157}
      - {x: 0.059054397, y: 0.50495905}
      - {x: 0.25519285, y: 0.36951554}
      - {x: 0.45784488, y: 0.29415238}
      - {x: 0.6457341, y: 0.23029885}
      - {x: 0.84487563, y: 0.16687495}
      - {x: 1.007944, y: 0.12474947}
      - {x: 1.1979346, y: 0.07764557}
      - {x: 1.23979, y: 0.06275203}
      - {x: 1.6880342, y: 0.005978348}
      - {x: 1.8090807, y: -0.1167932}
      - {x: 2.2566655, y: -0.1162415}
      - {x: 2.2467186, y: -0.03295208}
      - {x: 2.2091606, y: 0.10132102}
      - {x: 2.1521971, y: 0.21885093}
      - {x: 2.0909116, y: 0.28607044}
      - {x: 1.8787448, y: 0.4634561}
      - {x: 1.8204967, y: 0.5137722}
      - {x: 1.6409012, y: 0.6429534}
      - {x: 1.4330583, y: 0.7395079}
--- !u!210 &210780149856389576
SortingGroup:
  m_ObjectHideFlags: 1
  m_PrefabParentObject: {fileID: 0}
  m_PrefabInternal: {fileID: 100100000}
  m_GameObject: {fileID: 1644828649640692}
  m_Enabled: 1
  m_SortingLayerID: 450532093
  m_SortingLayer: 4
  m_SortingOrder: 0
--- !u!212 &212595956905805968
SpriteRenderer:
  m_ObjectHideFlags: 1
  m_PrefabParentObject: {fileID: 0}
  m_PrefabInternal: {fileID: 100100000}
  m_GameObject: {fileID: 1644828649640692}
  m_Enabled: 1
  m_CastShadows: 0
  m_ReceiveShadows: 0
  m_MotionVectors: 1
  m_LightProbeUsage: 1
  m_ReflectionProbeUsage: 1
  m_Materials:
  - {fileID: 10754, guid: 0000000000000000f000000000000000, type: 0}
  m_StaticBatchInfo:
    firstSubMesh: 0
    subMeshCount: 0
  m_StaticBatchRoot: {fileID: 0}
  m_ProbeAnchor: {fileID: 0}
  m_LightProbeVolumeOverride: {fileID: 0}
  m_ScaleInLightmap: 1
  m_PreserveUVs: 0
  m_IgnoreNormalsForChartDetection: 0
  m_ImportantGI: 0
  m_SelectedEditorRenderState: 0
  m_MinimumChartSize: 4
  m_AutoUVMaxDistance: 0.5
  m_AutoUVMaxAngle: 89
  m_LightmapParameters: {fileID: 0}
  m_SortingLayerID: 0
  m_SortingLayer: 0
  m_SortingOrder: 0
  m_Sprite: {fileID: 21300000, guid: 7866792bbaaf443409b7773ae2bdf6b5, type: 3}
  m_Color: {r: 1, g: 1, b: 1, a: 1}
  m_FlipX: 0
  m_FlipY: 0
  m_DrawMode: 0
  m_Size: {x: 19.05, y: 13.06}
  m_AdaptiveModeThreshold: 0.5
  m_SpriteTileMode: 0
  m_WasSpriteAssigned: 1
  m_MaskInteraction: 0
